4622 5860
558 699 579 766 8
771 689 909 744 scotto
935 689 1059 744 PRIMA
1087 688 1250 746 CONTlN.
1274 689 1413 744 LIBROS
1442 690 1539 746 tuot
1566 693 1678 746 ttotn

559 863 736 958 temporie
764 859 851 931 Doi.
878 861 1064 930 Iohannis
1094 860 1251 930 viccfi‘mi
1283 857 1425 932 secundi
1461 860 1511 931 sui
1546 876 1703 956 papatus
1733 863 1890 956 peniten-

488 1031 492 1038 ·
564 983 669 1050 tiario
685 979 732 1032 -“-
751 975 900 1048 dodiuse
920 975 1117 1070 compilata
1135 962 1171 1046 e't
1188 993 1418 1070 comportata
1433 1017 1475 1032 ·-
1492 971 1820 1072 perhonorabilem
1841 983 1893 1047 vi·

563 1121 643 1168 rom
659 1097 865 1188 ,Iohannem
885 1082 1022 1165 Zoiner
1040 1095 1084 1163 de
1100 1091 1303 1189 Rutlingen
1324 1109 1568 1188 procreatum,
1586 1095 1673 1167 urbe
1696 1097 1776 1166 Utor
1798 1118 1893 1164 com·

488 1227 489 1232 ’
562 1229 787 1296 morantem,
808 1234 887 1280 cum
904 1209 1042 1280 summa
1061 1210 1244 1304 diligentia
1259 1228 1434 1297 correcta,
1455 1226 1565 1308 atque
1583 1227 1660 1285 arte
1679 1209 1897 1305 imprelloria

501 1341 507 1351 '
565 1331 724 1426 effigiata
746 1351 824 1398 cum
847 1327 1056 1397 individuae
1078 1330 1241 1398 trinitatis
1261 1328 1437 1416 arljutorio
1456 1329 1555 1400 finita
1581 1345 1617 1400 et
1642 1329 1797 1400 fideliter
1813 1351 1897 1398 con-

565 1449 755 1518 summata.
797 1445 910 1516 Anno
937 1443 1289 1514 Domini-milefimo
1315 1447 1648 1544 quadrigentefimo
1671 1461 1811 1540 quarto.
1841 1445 1898 1512 die

566 1587 656 1662 vero
676 1559 828 1634 XXVI.
841 1559 1071 1657 Octobris-
1083 1561 1239 1654 denique
1257 1567 1397 1635 accedit
1415 1565 1534 1651 tabula
1554 1563 1717 1657 planctus
1735 1560 1899 1631 ecclesiae

494 1747 502 1760 ,
564 1678 791 1784 alphabetice
812 1678 1009 1772 compilata
1027 1699 1046 1746 a
1061 1678 1174 1746 Petro
1185 1682 1399 1757 Domim'co
1422 1679 1648 1752 adnexieibt
1669 1677 1903 1774 quottationi·

566 1798 634 1868 bus
651 1812 686 1866 et
708 1797 832 1865 litteris
856 1795 932 1864 linit
956 1793 1118 1863 feliciter.
1143 1791 1247 1866 Char.
1265 1792 1376 1869 Goth.
1398 1799 1461 1868 litt.
1481 1795 1749 1892 initialesligno
1774 1792 1901 1864 incisae

568 1909 926 1983 comvariielimbis
954 1907 1039 2044 Sine
1062 1907 1084 1976 Γ
1075 1931 1149 2006 gn
1169 1909 1248 1981 culi.
1276 1933 1356 1982 cum
1380 1911 1591 2010 epigraphis
1619 1914 1684 1988 col.
1707 1933 1741 1986 2.
1759 1912 1819 1982 lin.
1842 1921 1900 2002 58.

569 2030 643 2100 tott.
662 2047 745 2116 4ο4.
765 2027 830 2098 tot
850 2051 923 2122 reg.

762 2269 888 2322 Panaeti
902 2271 1009 2333 Annei.
1026 2273 1154 2346 Typogr.
1171 2274 1211 2334 T.
1223 2293 1256 2342 3,
1276 2291 1307 2346 p,
1324 2291 1405 2345 5²9·
1426 2292 1454 2335 n.
1469 2276 1499 2336 6,
1513 2275 1671 2328 Maiteirioe
1683 2275 1721 2337 Τ.
1738 2289 1805 2345 r.p.
1819 2288 1904 2341 ³³²0

859 2371 934 2425 male
951 2370 989 2426 nd
1004 2371 1081 2428 Ano.
1101 2385 1203 2443 1473,
1225 2373 1297 2426 bane
1318 2373 1471 2425 editionem
1490 2370 1582 2431 refert.

1039 2619 1434 2696 MCCCCLXXV.

666 2880 711 2943 ⁹.-
728 2896 775 2913 -
799 2853 983 2950 Incipiunt
1006 2859 1128 2930 Tituli
1144 2861 1363 2958 questionum
1383 2859 1639 2933 dedoodecim
1662 2855 1849 2957 quodlibet
1868 2853 1905 2929 S.

575 2977 742 3048 Tllomoe
769 2971 815 3046 de
844 2975 1047 3070 Aquinatis
1074 2975 1207 3046 ordinis
1230 2977 1495 3069 predicatorum
1518 2979 1711 3051 secundum
1741 2967 1906 3050 ordinem

572 3091 760 3189 alphabeti
779 3089 949 3188 affigrrati.
976 3093 1077 3166 Haec
1095 3093 1129 3162 in
1144 3093 1264 3165 fronte
1298 3093 1363 3175 iol,
1385 3119 1399 3166 1
1425 3135 1469 3148 -
1482 3121 1515 3184 7.
1533 3097 1616 3168 dein
1636 3097 1698 3167 fol.
1726 3107 1761 3176 8.
1783 3103 1818 3164 a.
1836 3091 1906 3185 pri-

573 3229 672 3282 mum
695 3207 916 3305 quaestiones
942 3211 987 3280 de
1014 3209 1195 3318 quotlibet
1224 3210 1356 3283 Sancti
1380 3215 1422 3282 T
1416 3217 1546 3284 domne
1566 3251 1613 3266 —·
1634 3211 1817 3284 Articulns
1839 3208 1910 3302 pri·

572 3352 652 3400 mus
672 3327 779 3394 —ad
800 3327 921 3403 linem.
951 3327 1023 3398 fol..
1043 3349 1127 3414 231.
1147 3323 1185 3398 b.
1219 3325 1279 3402 liu.
1311 3349 1366 3398 tt.
1388 3330 1563 3402 immensa
1581 3331 1642 3401 dei
1662 3329 1853 3399 clementia
1870 3323 1910 3395 fi·
1992 3361 1995 3368 ·

573 3446 665 3512 nitur
684 3437 872 3533 quodlibet
902 3437 991 3506 liber
1025 3439 1134 3508 sancti
1166 3441 1330 3536 Thomoe
1350 3439 1396 3510 de
1416 3450 1565 3536 Aquino
1585 3445 1729 3512 'ordinis
1757 3442 1907 3518 Fratrum
2143 3467 2148 3478 ·

575 3557 845 3652 predicatorum
863 3557 896 3622 in
915 3551 1074 3622 eiusdem
1096 3553 1251 3647 glorium
1274 3557 1504 3648 compofitus.
1536 3554 1722 3650 Imprellus
1744 3557 1822 3626 Ulm
1844 3578 1909 3648 per

573 3675 778 3744 Johonnem
800 3667 938 3739 Zoin'er
957 3667 1002 3738 de
1020 3669 1233 3764 Rutlingcn.
1269 3670 1380 3741 Anno
1399 3661 1727 3744 domini'milefimo
1740 3669 1909 3766 quadrin-

574 3785 772 3886 gentefimo
800 3785 1063 3883 septuagelimo
1099 3789 1263 3880 quinto;'
1289 3809 1358 3888 pro
1389 3791 1485 3873 cujus
1516 3787 1827 3860 consummatione
1850 3809 1911 3856 rex

574 3930 700 4004 regum
719 3903 884 3976 laudetur
904 3903 937 3972 in
955 3900 1072 3972 secula
1095 3897 1315 3976 benedictus.
1354 3902 1478 3974 Amen
1498 3941 1541 3960 ·-
1556 3904 1651 3976 Huic
1666 3901 1911 3999 operiaddita

574 4025 622 4096 eo
642 4021 763 4094 tabula
780 4021 947 4120 oppolrta
977 4017 1169 4107 adomino
1182 4021 1336 4093 Alberto
1352 4021 1397 4091 de
1413 4023 1597 4095 Ferrariis
1613 4021 1717 4115 super
1738 4019 1908 4114 inscripto

574 4139 746 4235 opusculo
763 4141 808 4209 d'e
829 4139 927 4208 horis
945 4139 1126 4208 canonicis
1137 4163 1260 4238 ,quae
1282 4143 1442 4210 continet
1461 4161 1543 4210 com
1566 4118 1829 4234 opusculo-foll
1848 4137 1905 4212 26.

576 4251 878 4347 —finitquefol
899 4253 960 4322 ult.
981 4254 1041 4322 lin
1067 4269 1142 4343 32.
1154 4255 1375 4346 -Semper
1401 4255 1673 4325 benedictusin
1704 4255 1906 4324 seculorum

578 4367 707 4439 secula.
730 4367 869 4440 Amen
896 4367 1002 4439 Char.
1025 4365 1147 4454 Goth.
1169 4370 1234 4441 litt.
1258 4370 1336 4447 init.
1364 4369 1464 4462 ligno
1488 4366 1615 4440 incisae
1647 4369 1718 4500 fine
1745 4369 1826 4442 cult.
1852 4374 1944 4466 fig

577 4481 657 4557 foll.
673 4484 846 4618 nonsrgn
864 4506 947 4578 257
969 4484 1033 4556 lin.
1047 4481 1147 4576 34.f:
1666 4509 1670 4520 ·
1721 4513 1725 4520 -
