4622 5860
626 821 631 832 ·
784 787 965 848 insinues
991 781 1217 849 ucc'ccnxnc
1244 819 1290 838 .-
1316 792 1390 856 un.
1703 795 1750 876 63

442 966 445 972 '
519 972 597 1037 116.
609 1001 652 1019 -
671 962 868 1035 Plutarchi
886 963 983 1032 vitae
1000 947 1182 1033 illustrium
1196 965 1355 1034 virorum
1376 985 1442 1055 per
1459 963 1523 1037 Jo.
1542 963 1632 1046 Ant,
1644 963 1752 1038 Cant·

413 1087 529 1174 puni:
555 1083 680 1176 incipit
696 1077 761 1156 fol.
789 1106 817 1151 r.
835 1103 867 1160 a,
885 1101 965 1149 curn
985 1101 1161 1174 campana
1184 1075 1292 1178 iigno'
1304 1077 1411 1150 incise
1428 1095 1463 1150 et
1483 1083 1588 1152 variis
1604 1081 1748 1177 inscrip-

416 1197 574 1268 tionibus
589 1220 668 1294 ις.
679 1200 770 1268 Plus
788 1203 828 1268 in
845 1201 978 1284 alieno,
998 1233 1042 1250 ·-
1058 1199 1103 1267 dc
1120 1208 1170 1284 te,
1185 1235 1234 1248 -
1248 1219 1338 1267 mox
1353 1197 1398 1266 de
1418 1221 1496 1268 me:
1520 1197 1636 1292 Supra
1652 1221 1748 1268 cern·

413 1331 548 1406 penam
567 1315 712 1408 iegiturt
738 1315 948 1410 disciplinae
967 1337 1016 1370 ’-
1044 1313 1094 1382 nd
1107 1315 1289 1403 judicium
1310 1316 1485 1387 litterati.
1510 1314 1750 1410 Eloquentia.

407 1431 585 1529 pulsrrt-
603 1433 766 1529 castitas,
783 1447 818 1502 et
839 1433 1075 1534 beneficentia
1091 1469 1140 1486 --
1163 1430 1252 1501 inira
1273 1429 1422 1527 sequens
1443 1429 1698 1503 testruflichonz
1773 1501 1774 1504 ,
1892 1433 1894 1438 ’

580 1552 582 1560 ’
603 1543 776 1650 Puliabru
792 1546 907 1619 solida
928 1550 1036 1618 etuti
1056 1545 1233 1618 notissicna
1252 1549 1392 1619 mundo
1485 1589 1487 1592 ·

696 1663 766 1736 Per
784 1664 926 1735 coelum
945 1679 981 1734 et
1000 1679 1113 1736 terrac
1132 1663 1229 1735 fama
1251 1679 1384 1763 vagata
1406 1689 1488 1738 mea
1510 1664 1569 1738 en.

601 1777 763 1852 Turbida
784 1781 977 1880 tempestas
998 1783 1092 1876 rupit
1110 1778 1259 1852 mesola
1280 1781 1433 1874 Tyierni

698 1894 834 1970 Nubila
850 1899 936 1970 dum
963 1897 1080 1970 sonitu
1096 1919 1270 1993 rumpere
1289 1895 1385 1992 posse
1403 1913 1508 1991 puto.

533 2071 537 2078 .
591 2011 667 2085 ¹Me
683 2015 848 2087 miseram
868 2015 963 2088 fulvi
982 2015 1180 2110 ‘rapiebant
1207 2013 1331 2085 frustra
1356 2015 1495 2086 metalli

694 2129 744 2200 Et
764 2135 825 2226 qui
847 2145 986 2202 curaret
1009 2130 1159 2203 reddere
1181 2117 1289 2202 nenio
1311 2131 1393 2202 fuit.
1444 2129 1447 2138 “

599 2242 673 2315 Sed
691 2268 751 2316 me
773 2249 901 2316 iterum
924 2249 1065 2317 Femur
1083 2248 1183 2342 vigili
1206 2245 1334 2320 sudore
1353 2247 1524 2318 Michael

692 2359 773 2432 Jam
795 2363 941 2434 tandem
959 2363 1052 2432 fudit
1068 2383 1155 2456 prae
1173 2364 1309 2455 pietate
1332 2387 1446 2441 cneus.

410 2477 499 2550 Sint
525 2481 674 2574 gratiae
699 2479 861 2551 domino.
900 2479 1004 2552 Haec
1024 2482 1146 2552 omnia
1177 2480 1212 2548 in
1237 2478 1423 2550 fronte-
1445 2477 1507 2548 fol.
1532 2500 1561 2558 t,
1579 2475 1616 2550 b.
1637 2480 1742 2552 inter-

404 2593 799 2666 dictumudecadichon
823 2598 933 2668 Petri
957 2579 1089 2670 Subini
1114 2599 1150 2666 in
1176 2616 1316 2666 novam
1343 2600 1513 2689 campani
1543 2595 1744 2668 editionem

405 2725 473 2784 erc.
492 2713 559 2786 tol.
579 2735 612 2792 ι.
635 2735 666 2792 a,
691 2753 738 2766 -
765 2711 923 2806 Epistola
939 2715 1076 2785 Jacobr·
1094 2713 1300 2807 Antiqunrii
1320 2711 1506 2781 Michaelc'
1526 2712 1645 2784 Freno
1670 2715 1743 2785 civi

247 2833 251 2838 '
404 2825 665 2902 Mediolanensi
692 2826 738 2898 ab
756 2852 852 2900 anno
877 2849 980 2920 1494.
997 2869 1046 2886 -
1063 2829 1172 2905 tota.
1192 2831 1224 2903 b.
1250 2827 1357 2900 Freni
1377 2824 1555 2921 responsio
1577 2827 1743 2919 -fol.3.

402 2941 440 3016 b,
465 2943 580 3015 Index
601 2947 765 3016 omnium
786 2967 955 3042 operum.
975 2989 1022 3004 -
1038 2947 1104 3025 foi..
1131 2963 1168 3027 4.
1199 2969 1231 3018 e.
1248 2948 1422 3039 cujusque
1443 2946 1533 3014 ratio
1551 2945 1672 3024 locati,
1694 2983 1742 3000 ·-

401 3061 478 3132 fusa
497 3065 625 3132 iterum
647 3077 847 3156 campane,
873 3085 973 3134 nova
991 3061 1149 3134 hominis
1164 3060 1322 3129 formata
1339 3057 1465 3156 figura.
1488 3095 1534 3110 -
1554 3059 1620 3138 iol.
1640 3085 1676 3146 7.
1704 3083 1738 3132 r.

403 3181 526 3274 incipit
535 3177 674 3252 uitho
696 3178 786 3253 Ant.
810 3177 986 3274 Campani
1001 3201 1066 3272 per
1082 3177 1307 3250 Michaelem
1323 3173 1473 3244 lituum
1487 3171 1623 3266 scripta.
1641 3172 1741 3248 Finit

404 3298 478 3388 uita
499 3297 563 3369 tol.
592 3314 643 3372 16.
656 3303 689 3374 b.
713 3323 793 3371 curn
815 3294 1025 3392 epitaphiot

591 3419 782 3514 Campana
799 3417 891 3500 iacet
909 3409 965 3482 hic
982 3410 1109 3484 humili
1127 3422 1310 3481 contectus
1333 3408 1372 3478 in
1388 3407 1487 3481 'Urna

687 3533 760 3625 Qui
778 3553 873 3630 vaga
892 3530 980 3600 dunt
998 3530 1086 3599 vixit
1101 3525 1231 3620 sydera
1250 3525 1424 3598 transiliit.

589 3647 942 3741 Historicurscripirt,
968 3646 1078 3732 dixit,
1103 3645 1329 3738 ceciditque,
1347 3665 1414 3714 nec
1430 3641 1520 3715 aiter

681 3761 929 3860 'Philosophus
947 3779 1026 3836 toto
1050 3763 1176 3832 clarior
1193 3764 1228 3830 in
1248 3761 1352 3839 latio.-

538 3967 540 3974 Α
590 3881 652 3957 Nil
670 3889 784 3970 mejue
805 3899 930 3962 natura
949 3880 1034 3953 tulit
1051 3875 1221 3949 miracula
1240 3875 1333 3946 coeli

681 4000 798 4083 Hujus
816 4001 851 4066 in
872 4001 1021 4090 ingenio
1042 4003 1166 4064 cuncta
1186 3989 1308 4059 stetere
1328 3991 1411 4058 viri.

587 4111 741 4184 Deserto
757 4111 884 4205 lugent
903 4104 1058 4176 Parnaffi
1077 4107 1178 4172 fonte
1202 4099 1349 4170 sorores.

640 4235 646 4245 ‘
682 4227 731 4299 Et
747 4223 909 4300 tumulus
924 4221 1171 4319 refugerelucir
1189 4214 1247 4287 hic
1264 4237 1353 4287 unue
1373 4211 1492 4288 hebet.

587 4349 669 4424 Vos
690 4345 819 4442 quibui
840 4343 1023 4440 ingenium
1047 4337 1114 4409 eii:
1137 4358 1181 4406 en
1200 4355 1274 4428 quo
1298 4319 1548 4438 conten‘dimtrt
1568 4357 1695 4411 ornnes

682 4465 832 4539 Virtutis
848 4461 921 4532 sola
936 4457 987 4529 'est
1003 4457 1138 4554 gloria,
1162 4474 1260 4554 quae
1278 4447 1443 4545 superest.

397 4629 443 4648 -
458 4587 555 4662 Dein
572 4585 748 4682 incipiunt
765 4583 866 4656 vitae
887 4578 1096 4651 Plutarchi.
1108 4609 1156 4626 -
1179 4569 1307 4666 Thesei
1326 4570 1423 4640 vitae
1438 4570 1622 4663 praecedit
1644 4573 1730 4647 Icen
