4622 5860
621 845 624 852 1
772 735 955 828 rusucurrs
980 767 1208 826 mccccsxrx
1232 795 1281 812 -
1305 771 1380 831 orn.
1538 802 1541 815 ·
1619 833 1622 838 ,
1696 777 1749 856 49

396 934 808 1046 fipientioe'leditoma
826 923 1142 1010 BeatoHenrico
1178 936 1259 1031 Sifir
1286 937 1368 1040 uiro
1397 934 1608 1012 sanctiss'rmo
1624 937 1759 1040 ordinis

408 1061 496 1134 sacri
508 1059 796 1154 predicatorum.
822 1055 972 1127 Haecin
988 1056 1107 1126 fronte
1120 1079 1183 1126 r-
1198 1053 1391 1148 sequuntur
1407 1055 1527 1126 tabula
1546 1071 1583 1128 ct
1596 1056 1696 1149 libri,
1713 1097 1761 1114 -

407 1176 504 1252 finitr
531 1172 718 1270 impreffus
737 1171 908 1245 Venetiis
924 1195 988 1267 per
1004 1175 1158 1244 Petrum
1186 1175 1230 1244 de
1249 1173 1478 1269 Querengr'is
1498 1176 1541 1244 de
1556 1177 1760 1272 Palaeogo.

292 1269 298 1278 ι
407 1287 818 1370 MCCCCLXXXXII.
847 1291 906 1362 die
928 1288 1067 1361 XXIV.
1090 1279 1397 1376 menfiernuarit
1426 1295 1629 1390 Augustino
1660 1295 1763 1364 Bor·

407 1409 514 1483 butio
543 1408 680 1500 inclyto
708 1409 872 1501 principe
899 1408 1127 1478 venetiarum
1151 1422 1396 1501 regnante—
1416 1407 1627 1503 Regiflrum.
1655 1406 1762 1485 Char.

408 1520 513 1618 goth.
533 1522 680 1599 minusc.
694 1511 767 1594 hue
785 1522 869 1618 sign.
888 1536 923 1594 et
940 1521 1020 1606 foll,
1037 1547 1110 1596 non
1127 1545 1224 1596 nurn.
1243 1523 1304 1618 ⁵⁶·
1328 1524 1390 1598 lin.
1407 1531 1468 1609 46.
1479 1541 1515 1607 4.

601 1755 729 1822 Panaeti
751 1766 855 1828 aunei.
875 1775 987 1840 typogr.
1013 1768 1052 1828 T.
1079 1785 1110 1838 3.
1131 1785 1164 1841 p.
1189 1785 1270 1842 ³²⁵·
1294 1784 1325 1831 o.
1355 1785 1366 1820 ι
1376 1769 1457 1840 5⁶5·
1476 1779 1507 1832 4.
1525 1783 1543 1821 ι
1559 1768 1687 1826 Peuscrc
1708 1786 1763 1854 en-

699 1876 743 1920 tor
762 1873 876 1918 vocetur
894 1865 981 1940 fleur.
1006 1870 1077 1946 Srq'o
1090 1891 1129 1909 ·-
1141 1868 1171 1921 iu
1189 1882 1253 1921 meo
1273 1865 1429 1939 exemplari
1445 1873 1502 1918 tam
1519 1865 1549 1918 iu
1566 1865 1658 1923 fronte
1669 1882 1762 1940 ,quem

590 2017 594 2024 ,
701 1959 739 2016 nd
755 1959 841 2016 fiuent
860 1963 924 2037 Saso
948 1958 1104 2034 impress'oc.

510 2241 568 2314 87.
594 2257 644 2278 --
669 2222 862 2296 Sermones
880 2225 1204 2322 quadragesimales
1222 2229 1338 2303 fratria
1355 2229 1562 2303 Michaelis
1591 2228 1636 2298 rie
1669 2225 1759 2298 Me·

409 2337 559 2412 diciano
584 2340 630 2412 de
652 2340 781 2412 decem
810 2347 1024 2435 praeceptis.
1053 2345 1118 2419 fol.
1151 2369 1183 2418 r.
1210 2347 1328 2418 fratris
1355 2347 1561 2415 Michaelis
1585 2343 1632 2414 de
1666 2343 1751 2415 Me·

408 2459 573 2536 diotone.
600 2493 651 2544 -ς
675 2455 870 2556 Sermones
888 2460 1214 2556 quadragesimales
1235 2463 1280 2534 de
1298 2461 1424 2534 decem
1440 2461 1625 2553 preceptis
1637 2485 1697 2540 ς-
1716 2459 1755 2528 in

409 2573 481 2644 fine
502 2575 697 2669 expliciunt
725 2573 904 2644 sermones
925 2571 1311 2671 quadragesrmales{de
1336 2574 1464 2648 decem
1504 2577 1684 2671 preceptis
1700 2571 1764 2644 de·

412 2691 532 2786 caiogi
557 2687 711 2784 irnpress‘r
748 2692 920 2764 Verretiis
952 2715 1022 2789 per¹
1040 2693 1223 2764 Ioannem
1242 2708 1279 2764 et
1304 2692 1520 2787 Gregorium
1543 2691 1590 2762 de
1619 2691 1758 2786 Grego-

413 2811 483 2878 riis
502 2829 598 2879 anno
621 2807 742 2878 salutis
771 2807 1051 2882 MCCCCXCII.
1083 2808 1216 2905 infigne
1238 2805 1458 2904 typographi
1477 2807 1521 2880 Z.
1538 2804 1585 2879 G.
1611 2805 1762 2903 Regiflr,

412 2919 521 2996 Char.
535 2923 658 3006 index.
674 2923 780 2998 Char.
789 2925 893 3022 goth.
904 2948 983 2996 curn
992 2925 1078 3021 hgn.
1089 2943 1126 2998 et
1142 2925 1223 3009 foll.
1234 2949 1334 3000 num.
1350 2950 1428 3018 1¹7·
1442 2927 1510 3000 col.
1529 2924 1639 2998 Μία.
1645 2950 1669 3020 5
1680 2949 1707 2996 ι.
1722 2938 1759 3005 4.

552 3154 556 3162 ’
603 3171 727 3230 Pauori
754 3168 852 3234 ‚nnn
869 3143 986 3246 orou-
1007 3171 1044 3233 Τ.
1073 3188 1108 3240 r·
1123 3188 1249 3245 nam·
1268 3187 1299 3234 a.
1325 3182 1428 3236 ¹⁴⁸2.
1453 3171 1711 3235 marrenses·

509 3401 568 3470 88,
591 3427 641 3440 -
664 3391 767 3459 Haec
784 3392 860 3458 sunt
880 3413 999 3482 opera
1025 3393 1204 3473 Boethii,
1229 3415 1301 3482 que
1320 3393 1355 3458 in
1373 3369 1652 3456 hoc-uolumine
1672 3405 1760 3455 con·

382 3503 582 3576 tinemut.
609 3502 713 3574 Haeo
756 3507 791 3574 in
835 3502 954 3601 fronte
989 3504 1056 3578 iol.
1083 3530 1115 3573 r.
1156 3527 1192 3583 a.
1233 3503 1460 3576 recensentur
1495 3503 1762 3596 omniaopera

412 3620 573 3690 Boethii
591 3619 653 3688 iin.
671 3640 728 3692 22.
747 3614 849 3687 -In
866 3619 1074 3714 Porphyrii
1094 3616 1273 3718 Isagogen
1297 3645 1318 3691 a
1336 3622 1538 3694 Victorino
1548 3617 1760 3690 translatam
1823 3621 1826 3629 '

412 3735 528 3810 editio
552 3738 682 3828 prima.
701 3770 751 3787 -
776 3735 980 3829 Porphyrii
1008 3733 1181 3835 Isagogen
1205 3760 1228 3808 u
1253 3740 1420 3810 Boethio
1443 3734 1525 3830 ipso
1550 3734 1761 3806 translatam

388 3913 389 3916 η
415 3853 530 3926 editio
548 3851 712 3924 secunda.
729 3885 776 3902 -
805 3848 1041 3947 cathegorias
1060 3854 1274 3956 Arssotelir
1284 3853 1398 3926 editio
1419 3876 1503 3923 une.
1528 3887 1575 3908 —
1600 3846 1761 3919 Librum

413 3969 647 4069 Arssotelisr
673 3965 720 4036 de
741 3969 1002 4055 interpretatio,
1027 3967 1139 4039 editio
1159 3972 1290 4058 prima.
1310 4005 1358 4022 —
1384 3959 1552 4034 Eundem
1563 3963 1694 4033 librum
1710 3961 1759 4031 de

414 4084 722 4175 interpretatione.
749 4073 872 4144 Editio
889 4076 1056 4146 secunda.
1071 4113 1121 4131 —-
1144 4077 1204 4146 De
1220 4075 1451 4146 divilionibus
1474 4075 1569 4145 liber·
1590 4097 1696 4148 nnus·
1713 4115 1756 4134 -

414 4195 481 4272 De
504 4193 721 4266 finitionibus
747 4190 838 4260 liber
859 4211 962 4262 unus.
987 4225 1036 4241 —
1076 4190 1140 4262 Ad
1165 4185 1410 4288 cathegoricus
1446 4189 1674 4288 syllogismos
1708 4196 1761 4266 in·

414 4313 613 4390 troductio.
638 4349 683 4363 -
706 4305 1064 4380 Commentariorum
1085 4310 1121 4380 in
1145 4309 1268 4402 topica
1293 4307 1494 4382 Ciceronis.
1519 4308 1618 4382 Libri
1628 4307 1761 4382 fex.-

416 4427 479 4528 De
498 4427 705 4500 differentiis
724 4427 864 4520 topicis.
887 4423 987 4498 Libri
1003 4441 1168 4522 quatuor.
1192 4465 1240 4480 -
1269 4422 1498 4522 Syltogtsmo
1516 4424 1756 4523 cathegorico.

418 4540 522 4618 Libri
542 4545 627 4640 duo.
651 4583 699 4602 -
733 4544 955 4642 Syllogisrno
971 4541 1225 4641 hypothetico.
1248 4540 1352 4618 Libri
1376 4543 1462 4620 duo.
1491 4587 1540 4606 -·
1564 4545 1756 4624 Trinitate.
