4622 5860
642 799 655 846 l
788 783 970 844 tustanus
995 786 1223 843 mcccctxnt
1249 813 1294 830 --
1321 787 1396 849 MDt
1711 804 1757 878 29
1865 877 1869 886 .

420 979 454 1038 e.
471 981 505 1028 a.
525 954 671 1028 Tabula
686 953 831 1027 alteriue
843 959 955 1051 partie
971 952 1123 1030 thesauri
1135 959 1223 1032 novi
1241 957 1286 1030 de
1300 956 1427 1030 sanctie
1440 955 1566 1032 scilicet
1578 981 1645 1055 pro
1659 984 1753 1058 quo·

319 1147 322 1154 ,
416 1073 505 1146 libet
524 1096 695 1149 numero.
719 1089 755 1143 et
775 1089 941 1168 quottam
963 1073 1169 1146 sermonum
1180 1101 1226 1148 err
1240 1076 1366 1148 ordine
1383 1075 1446 1148 suo
1465 1077 1662 1150 certificant
1675 1078 1753 1151 sub·

416 1189 573 1284 sequitur
599 1229 646 1244 -
665 1189 728 1265 sol.
750 1215 785 1278 3.
803 1215 838 1271 a.
854 1193 1028 1287 incipiunt
1043 1191 1228 1265 sermones
1249 1190 1428 1265 notabiles
1450 1207 1517 1272 etc,
1541 1197 1576 1268 in
1594 1195 1664 1265 fine
1680 1194 1749 1275 sol.

415 1310 480 1386 ult.
499 1307 561 1381 lin.
577 1325 639 1403 39.
660 1329 753 1402 opus
770 1310 924 1402 perutile
943 1308 1148 1381 sermonum
1167 1310 1213 1380 de
1229 1307 1356 1382 sanctie
1375 1333 1442 1405 per
1461 1313 1630 1392 circulum
1652 1313 1754 1382 anni.

412 1421 616 1495 Thesaurus
643 1445 762 1496 novur
789 1417 1033 1517 nuncupatirm
1065 1442 1101 1498 ct
1128 1424 1333 1521 impressum
1365 1417 1603 1523 Argentinue.
1638 1429 1751 1500 Anno
1810 1499 1816 1513 ,

413 1541 553 1614 domini
569 1539 944 1615 MCCCCLXXXV.
961 1543 1037 1614 linit
1052 1542 1213 1616 feliciter.
1237 1540 1345 1624 Cher.
1358 1542 1458 1642 goth.
1477 1567 1558 1618 cum
1579 1542 1749 1641 sigu.soll.

412 1670 494 1747 298.
510 1681 583 1732 nou
601 1680 701 1734 num.
722 1658 783 1732 lin.
798 1658 847 1744 46
879 1657 943 1732 iol.
960 1660 1045 1731 min.

595 1911 718 1970 Pmeri
734 1903 832 1967 cnoel.
854 1915 964 1978 typum.
982 1905 1019 1967 T.
1044 1919 1072 1966 r.
1090 1920 1122 1977 p.
1149 1920 1207 1976 ²7.
1226 1921 1256 1970 tr,
1275 1905 1295 1960 6
1302 1924 1332 1975 7,

505 2147 565 2228 49.
589 2165 639 2186 -
660 2133 834 2226 Hugonis
858 2157 882 2202 e
896 2131 1035 2224 structo
1058 2129 1215 2204 Victore
1232 2127 1278 2202 de
1302 2126 1531 2204 sacrementis
1551 2129 1636 2204 fidei
1657 2129 1749 2204 liber

407 2245 584 2318 secundm
600 2283 649 2300 -
675 2245 743 2318 sol.
774 2270 805 2316 r.
829 2246 956 2339 incipit
975 2244 1259 2339 praefatiuncula
1277 2249 1313 2318 in
1336 2247 1466 2320 librum
1485 2245 1678 2320 secundum
1701 2245 1750 2320 de

405 2361 635 2436 sacramentis
650 2361 734 2434 sidei
754 2357 959 2432 christianae
975 2395 1024 2412 -
1042 2357 1134 2430 infre
1152 2365 1302 2459 explicit
1316 2362 1507 2461 prologus.
1523 2365 1590 2436 cul·
1619 2388 1653 2443 e.
1672 2361 1748 2437 Ta·

309 2573 313 2581 Ι
346 2485 347 2488 ’
405 2481 490 2554 bula
508 2493 777 2553 contentorum.
793 2477 856 2552 sol.
878 2497 915 2562 4.
930 2474 1023 2549 liber
1038 2473 1268 2550 secunduede
1288 2480 1544 2553 incarnatione·
1562 2480 1642 2552 linit
1665 2501 1750 2551 curn

405 2612 509 2692 parte
530 2596 669 2670 decima
690 2609 821 2668 octava
842 2597 956 2690 partie
976 2593 1165 2669 secundae.
1191 2593 1356 2667 Demum
1374 2595 1438 2668 sol.
1457 2598 1519 2668 ult.
1533 2597 1596 2670 lin.
1614 2619 1748 2688 gnere·

403 2714 553 2808 pliciunt
570 2712 763 2785 sententiae
778 2712 858 2785 libri
876 2710 1017 2783 secundi
1039 2711 1193 2809 magistri
1209 2714 1385 2809 Hugonis
1398 2712 1582 2808 defuncto
1593 2713 1747 2787 Victore

403 2828 451 2901 de
470 2833 718 2902 incarnatione
738 2827 839 2900 verbi
857 2829 954 2900 etde
973 2828 1202 2903 sacramentis
1226 2834 1315 2902 novi
1337 2827 1536 2902 testamenti
1562 2854 1679 2928 utque
1699 2833 1749 2905 ad

402 2946 512 3018 finem
532 2963 568 3018 et
589 2946 938 3019 consummationem
958 2950 1122 3018 omnium
1137 2947 1289 3020 feliciter
1306 2943 1460 3042 imprelli
1486 2945 1565 3018 sunt
1593 2946 1645 3017 illi
1668 2947 1743 3019 duo

402 3062 483 3136 libri
501 3067 742 3163 Argentinue.
767 3066 878 3137 Anno
899 3064 1036 3136 domini
1049 3062 1403 3136 mccchxxxv.
1419 3065 1507 3134 siniti
1523 3064 1558 3133 in
1570 3062 1629 3134 dic
1647 3061 1747 3133 sanc·

401 3195 521 3256 torum
546 3185 734 3255 martirum
759 3183 893 3254 Addon
933 3195 970 3252 et
998 3183 1147 3254 Sennea.
1181 3171 1409 3271 Chac'gortr.
1429 3201 1510 3248 cum
1524 3179 1610 3270 sign.
1627 3177 1743 3274 epigr.

402 3299 470 3370 litt.
492 3298 621 3370 initias.
637 3295 781 3382 majusc.
802 3302 871 3370 col.
892 3323 926 3369 α.
947 3298 1027 3374 soll.
1045 3315 1119 3366 non
1135 3289 1221 3387 sign.
1243 3307 1299 3377 87·
1315 3292 1376 3366 lin.
1393 3313 1456 3382 47.

591 3537 826 3608 Peenameus,
848 3549 962 3614 typum,
978 3538 1017 3605 Τ,
1048 3553 1077 3598 r.
1097 3553 1130 3610 p,
1154 3550 1210 3605 ²7·
1228 3553 1257 3596 u.
1282 3552 1338 3604 7¹·
1356 3531 1450 3590 Brenn
1473 3531 1508 3589 Ρ.
1532 3533 1574 3596 11.
1595 3553 1626 3610 p.
1663 3549 1741 3604 ¹¹4·

492 3791 555 3864 5⁰·
578 3805 629 3824 -
652 3767 842 3841 Antonini
857 3759 1114 3860 archiepiscopi
1134 3758 1316 3832 florentini
1337 3755 1499 3830 summae
1511 3755 1742 3857 theologicae
1857 3816 1864 3824 .

400 3887 492 3960 tomi
509 3881 627 3959 sViin
644 3885 776 3960 fronte.
795 3882 874 3958 vol.
897 3903 929 3952 1.
953 3881 1083 3956 Ρνίιηα
1105 3901 1195 3971 pure
1222 3874 1385 3956 summae
1410 3875 1611 3956 Antonini.
1644 3877 1739 3948 Huic

400 4001 588 4094 praecedit
604 4001 778 4092 prologus
800 4018 882 4066 cum
903 3996 1034 4065 tabulir
1053 3991 1264 4086 specialibus
1285 3989 1545 4062 totiur·summe
1554 3993 1740 4074 Antonini

401 4119 436 4186 in
452 4115 517 4186 fol.
534 4137 595 4201 97.
612 4109 657 4180 ad
678 4111 814 4179 calcem
833 4108 927 4178 tomi
953 4109 1061 4200 primi
1080 4106 1144 4181 lin.
1162 4122 1220 4190 44.
1236 4105 1313 4174 linio
1329 4105 1448 4195 prime
1461 4112 1576 4198 pertis
1594 4105 1737 4182 summe

400 4230 539 4304 domini
555 4228 741 4300 Antonini
771 4221 1031 4298 archiantistitis
1055 4220 1330 4292 florentinorum
1352 4219 1474 4294 debite
1495 4246 1578 4296 cura
1595 4240 1632 4297 et
1649 4249 1737 4321 ope·

400 4371 439 4422 ra
468 4343 803 4443 (quemadmodum
830 4356 869 4415 et
895 4355 966 4414 tree
994 4340 1159 4436 cjnrdem
1185 4354 1309 4434 parter
1338 4337 1543 4434 sequentes)
1566 4341 1645 4440 poll
1671 4367 1737 4417 nu·

400 4489 468 4563 per
492 4463 604 4538 secter
636 4462 874 4536 correctiones
919 4459 1039 4532 denno
1081 4457 1286 4532 emendate.
1331 4459 1443 4533 Anno
1484 4461 1575 4559 legia
1619 4463 1735 4557 gratie

401 4574 769 4660 MCCCCLXXXV.
779 4578 925 4655 decimu
939 4575 1264 4674 KelendeeAprilit
1274 4574 1495 4672 soll.377.-
1506 4577 1734 4698 SummeAn-
