4630 5864
629 787 730 854 ANNI
753 791 1101 878 NOTAnlNSlGNlUM.
1119 791 1170 848 ΑΒ
1187 794 1299 852 ΑΝΝΟ
1314 797 1385 852 MD.
1401 827 1439 842 -
1459 796 1585 862 MDLll,
1716 809 1784 877 ¹¹9
1888 811 1893 820 '

629 960 793 1056 Corpora
805 963 883 1048 jam
902 959 1044 1055 pridem
1062 960 1181 1032 varies
1202 958 1325 1032 incluta
1340 961 1470 1058 ligures

626 1078 665 1150 Si
689 1080 790 1172 cupis
807 1093 938 1148 exacte
955 1075 1114 1162 discere,
1141 1075 1233 1149 disce
1256 1075 1371 1150 brevi.

438 1197 543 1272 Haec
562 1198 596 1266 in
612 1194 732 1267 fronte
743 1195 804 1266 iol.
816 1217 853 1275 r,
868 1191 1060 1290 sequuntur
1070 1209 1283 1292 argumenta
1293 1194 1462 1268 adfinem
1474 1193 1540 1267 iol.
1555 1210 1616 1284 34.
1628 1217 1660 1268 a.
1670 1195 1777 1270 lin.b.

431 1317 688 1409 Hieronymus
712 1315 849 1386 Victor
866 1325 904 1381 et
927 1312 1096 1384 Ioannes
1120 1310 1348 1408 Syngreniuo
1370 1314 1405 1383 in
1432 1311 1662 1384 excludendis
1678 1309 1781 1387 libris

433 1433 597 1505 laborem
617 1445 652 1501 et
664 1429 749 1499 lucri
766 1426 850 1500 socii
866 1429 1124 1524 imprimebant
1132 1427 1301 1501 Viennae
1317 1427 1500 1500 Auiiriaec
1526 1423 1621 1510 haec,
1634 1429 1780 1526 inlignia

432 1548 662 1644 ingeniorum
682 1559 921 1617 monumenta
936 1545 1104 1642 impensu
1123 1543 1310 1616 leonardi
1325 1560 1361 1617 et
1378 1547 1499 1618 Lucae
1517 1545 1690 1643 Alontsee
1711 1547 1780 1620 ira·

431 1685 527 1743 trum
556 1664 672 1740 idibur
691 1661 905 1736 Decembris
933 1664 1017 1733 anni
1044 1655 1238 1742 MDXlII,
1261 1659 1487 1758 Imperatore
1507 1663 1780 1737 Maximiliano

432 1779 477 1854 P.
487 1781 515 1862 i,
527 1820 573 1836 -
590 1781 736 1880 insignia
755 1778 929 1854 caesareo.
941 1815 986 1832 -
1000 1775 1106 1850 Char.
1120 1769 1341 1870 med.'sylvc
1360 1777 1509 1850 Camilli
1524 1779 1692 1851 Paleotti
1710 1782 1777 1852 im·

431 1897 556 1998 prelia.
577 1896 682 1979 Char,
703 1896 828 1996 grand.
849 1907 886 1968 et
905 1895 996 1992 eleg.
1013 1895 1092 1976 ioli.
1106 1912 1169 1985 34,
1182 1919 1256 1968 non
1272 1894 1429 1992 fignlin.
1454 1894 1584 1980 imici.
1604 1895 1668 1972 ult.
1688 1916 1726 1986 4.

624 2128 735 2202 Derrijir'
751 2128 1100 2202 Buehrlruelcergeielriehte
1116 2130 1238 2194 Wieor,
1257 2147 1287 2204 p,
1302 2147 1347 2200 9³·
1367 2146 1398 2184 n.
1413 2140 1458 2205 92.

533 2375 615 2443 226.
641 2403 690 2420 -
714 2367 876 2440 Pindari
893 2367 960 2438 riri
977 2366 1167 2465 doctill'rmi
1188 2367 1324 2441 bellum
1346 2373 1525 2458 trojanum
1553 2392 1601 2444 ex
1620 2367 1778 2446 Homeri
1804 2399 1806 2406 ¹

433 2490 547 2586 longo
569 2510 679 2580 opere
697 2485 909 2578 decerptum
927 2495 963 2554 et
984 2483 1245 2580 colligatillime
1263 2486 1484 2583 imprelium.
1509 2486 1612 2560 Haec
1631 2487 1669 2560 in
1682 2488 1779 2562 iron-

433 2621 483 2678 te.
502 2643 550 2657 —
571 2604 633 2674 iol.
658 2630 689 2675 ι.
708 2601 854 2697 inignia
874 2599 1051 2678 caesarea.
1076 2602 1154 2672 linit
1171 2604 1237 2673 iol.
1261 2626 1322 2682 co.
1340 2629 1373 2679 a.
1398 2605 1462 2676 lin.
1493 2628 1506 2674 r
1511 2627 1547 2694 5.
1575 2603 1781 2699 imprelium
1816 2688 1819 2696 Ι

434 2723 605 2819 Austrioe
624 2740 691 2812 per
705 2716 972 2811 Hieronymum
997 2719 1188 2789 Victorem
1204 2733 1240 2787 et
1259 2720 1440 2790 Joonrrem
1452 2721 1684 2814 Singrerrium
1702 2719 1781 2794 lex·

433 2855 474 2912 to
490 2860 606 2908 nonas
626 2832 711 2905 Jutii
726 2857 824 2905 anno
841 2829 1138 2904 Mcccccxttt.
1159 2872 1209 2886 —-
1235 2831 1398 2929 Clypens
1417 2857 1568 2930 magnus
1587 2837 1781 2929 polonicus

441 2957 623 3030 Victoris.
651 2949 756 3031 Char,
773 2949 919 3046 grandis
936 2964 972 3022 et
990 2949 1136 3046 elegam
1153 2945 1232 3022 foll.
1246 2972 1303 3025 co.
1323 2951 1493 3048 nonfign.
1515 2952 1576 3024 lin.
1583 2974 1646 3046 3⁰·
1663 2973 1698 3038 4.
1720 2951 1778 3024 Ex

435 3073 580 3144 collect.
596 3069 863 3141 Herbitzionu.

626 3303 738 3377 Denpii
753 3303 1105 3380 Buehdruclrergeiohieltte
1119 3307 1243 3374 wiern,
1266 3323 1296 3382 p.
1312 3325 1358 3380 93.
1377 3323 1406 3370 n.
1418 3321 1464 3378 97.

533 3566 615 3635 227,
635 3583 685 3600 -
708 3543 787 3642 Epi
816 3547 877 3620 ola
896 3544 1128 3642 potentillimi
1141 3569 1184 3620 oc
1197 3545 1415 3624 invictillimi
1429 3541 1783 3646 Emonrruelirregic'

434 3667 694 3762 Portugoliue'
709 3677 745 3735 et
769 3667 1030 3762 Algarbiorum
1057 3685 1124 3741 etc.
1154 3668 1202 3739 de
1223 3669 1384 3738 victoriis
1400 3663 1530 3754 habitis
1552 3669 1717 3742 inludia
1742 3681 1780 3740 et

434 3783 618 3856 Malacha
634 3779 680 3852 ad
697 3777 735 3860 S.
753 3783 788 3852 in
812 3779 949 3854 Chrttto
975 3802 1115 3880 patrem
1143 3799 1181 3858 et
1204 3783 1395 3857 dominum
1415 3784 1572 3857 nostrum
1590 3784 1662 3856 Do.
1687 3784 1777 3855 Leo·

433 3926 515 3973 rtem
538 3901 590 3971 Χ.
618 3895 726 3970 Pont.
755 3891 974 3972 Maximurn‘.
1010 3899 1114 3973 Haec
1139 3905 1175 3971 in
1195 3900 1334 3974 frontet
1360 3940 1409 3955 -
1432 3900 1615 3998 Prologus
1637 3897 1776 3970 Jacobi

434 4017 622 4112 Spiegelii.
646 4015 827 4103 -incipit
848 4013 1009 4101 epillola.
1028 4027 1074 4070 -·'-
1094 4015 1172 4082 finit
1193 4015 1257 4084 iol.
1276 4033 1312 4096 4.
1326 4015 1385 4082 lin.
1411 4044 1446 4104 5.
1464 4013 1591 4084 darum
1624 4017 1658 4082 in
1687 4010 1773 4082 urbe

434 4132 553 4203 nolira
578 4123 784 4220 Olisplrone
809 4137 845 4206 8.
871 4121 951 4193 idus
972 4123 1093 4195 lunico
1110 4145 1204 4192 onno
1228 4123 1367 4196 domini
1385 4124 1578 4208 MDXIll,
1604 4126 1776 4200 Viennae

434 4241 599 4338 imprelle
627 4265 694 4336 per
723 4241 989 4335 Hieronymum
1021 4243 1211 4316 Victorem
1242 4257 1278 4314 et
1315 4244 1497 4317 Joonnem
1525 4245 1771 4342 Singrercium,

435 4359 514 4436 XV
519 4360 543 4436 l.
569 4358 649 4442 Kal,
667 4355 1024 4434 Octobric.-Clrrrr.
1040 4361 1205 4460 grandis:
1227 4364 1262 4433 in
1277 4365 1473 4462 prooemio
1485 4363 1632 4440 minulc.
1645 4359 1722 4438 loll.
1735 4381 1770 4450 4.

435 4502 509 4554 nou
532 4500 631 4550 num.
648 4477 712 4548 lin.
730 4499 794 4571 30·
810 4493 844 4559 4,

626 4614 736 4687 Daren·
748 4614 1092 4691 liuchrlrcrlrorgeiclriclrte
1112 4569 1233 4688 li'ieoc,
1251 4633 1278 4692 p.
1302 4627 1347 4684 tr.
1365 4635 1393 4684 n,
1413 4619 1459 4684 86.
1478 4669 1486 4696 ι
