4630 5864
526 819 594 890 1¹8
670 813 810 874 szcrto
831 813 981 870 TERTIA
998 807 1277 868 ACCESSIONUM
1293 809 1400 870 otttG.
1418 811 1783 872 vlunoaonattsmnt

521 1006 698 1085 nograma
720 981 954 1084 typographi.
971 1021 1019 1038 —-
1043 983 1145 1055 Haec
1170 983 1359 1081 inllronte.
1383 1021 1432 1038 -
1459 981 1630 1082 Sequitur
1647 983 1755 1058 arbor
1774 1007 1863 1059 con·
1978 1007 1989 1022 ⁴

511 1093 766 1201 'sanguinitatis
784 1125 865 1174 cum
882 1101 1198 1198 explicationibus.
1215 1100 1276 1174 Ad
1298 1103 1408 1174 linem
1426 1139 1474 1156 -
1497 1104 1563 1177 sol.
1581 1111 1644 1194 3⁶·
1672 1131 1704 1180 a.
1722 1107 1782 1177 lin.
1805 1129 1861 1195 ¹3·
1895 1185 1898 1194 ,

520 1221 593 1294 boc
628 1219 906 1294 elimatillimum
935 1218 1071 1292 arboria
1102 1217 1332 1318 consanguin.
1361 1235 1397 1293 et
1434 1219 1615 1294 affinitatis
1647 1221 1862 1317 opusculum

520 1337 775 1434 Imprefferunt
799 1335 940 1410 summa
966 1337 1175 1434 vigilantia,
1193 1333 1366 1410 Viennae
1400 1337 1562 1412 Austriae
1604 1341 1867 1435 meronymas,

530 1461 572 1534 V
570 1463 669 1532 ictor
680 1461 721 1530 'et
739 1459 905 1530 Joannes
920 1457 1138 1556 Singreniuc
1156 1455 1252 1529 socii.
1280 1455 1454 1550 Expenlic
1476 1473 1598 1528 autem
1622 1459 1808 1538 Leonardi
1828 1471 1868 1538 et

523 1577 623 1649 Luae
638 1577 810 1676 Alantsee
824 1577 972 1650 fratrum
991 1573 1179 1646 Kalendas
1196 1572 1382 1646 Februarii
1413 1597 1509 1645 anno
1536 1573 1728 1644 millefimo
1763 1574 1867 1666 quin-

523 1694 721 1790 gentefimo
738 1693 937 1766 tredecimo
972 1693 1196 1787 imperatore
1217 1691 1489 1762 Maximiliano
1515 1686 1601 1763 Η.
1628 1690 1712 1761 dein
1732 1690 1866 1788 infignc

523 1807 755 1902 Bibliopolae
769 1832 851 1880 cum
871 1811 997 1882 litteris
1014 1807 1065 1888 L.
1084 1813 1134 1886 A.
1151 1806 1391 1902 etiniignibuc
1405 1807 1737 1906 magniacaesareit.
1755 1804 1864 1881 Cb'ar.

524 1923 756 1996 mediocriter
783 1925 926 2020 grandia
954 1945 1038 1994 cum
1062 1921 1181 2018 glollia
1205 1923 1462 2022 marginalibus
1494 1937 1532 1996 et
1555 1923 1677 2021 liguria
1697 1923 1778 1998 loll.
1794 1933 1857 2018 3⁶·

295 2105 306 2122 ,
429 2063 431 2068 ·
525 2064 601 2116 non
630 2064 746 2117 mum.
774 2039 1151 2131 lin.ult.lol.19,4‚

717 2279 830 2358 Denifii
848 2253 1335 2358 Rucbdmcl'rergeicbichte'wiena,
1360 2297 1392 2354 p.
1410 2287 1455 2350 8³·
1470 2295 1498 2336 n.
1519 2289 1565 2355 η.

624 2511 707 2612 εᾶ4.
723 2564 779 2593 .-
808 2525 1078 2599 Grammatices
1092 2525 1344 2624 irfiitationes
1358 2538 1479 2591 novae
1507 2515 1667 2615 magistri
1698 2519 1867 2595 Bernar-

462 2705 467 2716 .
527 2646 569 2716 di
586 2643 755 2738 Pergerr'i
775 2644 842 2712 viri
860 2641 1059 2713 doctillimi.
1082 2641 1184 2710 Haec
1206 2641 1240 2706 in
1258 2637 1376 2707 fronte
1393 2633 1457 2705 tot.
1484 2657 1515 2704 1.
1528 2671 1575 2688 —
1589 2633 1796 2728 Sequuntur
1816 2641 1868 2710 in·

377 2805 381 2812 -
525 2755 736 2828 stitutionea.
755 2795 803 2812 -
822 2756 900 2826 finit
919 2755 1010 2824 liber
1022 2769 1167 2847 quartus
1180 2752 1244 2822 iol.
1262 2777 1322 2839 97,
1342 2749 1379 2822 b.
1397 2787 1441 2805 -
1457 2747 1595 2820 accedit
1610 2749 1867 2825 declinationie

524 2871 681 2944 lexicon.
709 2867 811 2966 quod
835 2869 913 2940 linit
937 2868 1082 2943 solat.
1107 2868 1175 2940 litt.
1206 2867 1302 2940 arab.
1333 2869 1417 2964 sign.
1436 2868 1498 2939 lin.
1519 2884 1576 2953 24.
1601 2888 1638 2944 a.
1658 2867 1867 2964 imprellum

485 3059 487 3063 ,
531 2989 703 3066 Viennae
724 2987 941 3058 Pannoniae
969 3007 1034 3082 per
1058 2969 1326 3085 Hieronymum
1354 2986 1597 3059 Philovailem
1624 3002 1663 3059 et
1685 2987 1869 3060 Joannem

527 3105 772 3204 Syagreninm
790 3101 994 3176 Sociorum.
1021 3098 1199 3198 Expenlia
1217 3126 1306 3175 vero
1323 3103 1534 3176 leonhardi
1550 3119 1586 3175 et
1605 3104 1702 3176 Luce
1716 3105 1869 3201 Alantse

525 3221 690 3312 fratrum.
710 3217 828 3316 pridie
849 3219 927 3293 idua
950 3215 1055 3316 May,
1073 3243 1170 3293 anno
1188 3220 1307 3292 salotis
1332 3219 1511 3292 MDXlll.
1540 3231 1718 3318 regnante
1739 3222 1870 3295 Mani·

526 3341 678 3410 miliano
697 3337 839 3428 caelato
860 3335 947 3417 1³.·t.
968 3341 1014 3412 A.
1039 3360 1285 3436 monograma
1303 3335 1537 3434 Bibliopolae
1564 3337 1632 3412 fol.
1664 3341 1727 3413 ult.
1751 3363 1808 3422 ar,
1832 3338 1869 3414 b.

526 3451 668 3547 Inligne
689 3474 863 3546 magnum
882 3451 1095 3531 caesareum.
1122 3451 1228 3525 Char.
1248 3453 1395 3554 minulc.
1409 3458 1479 3535 litt,
1506 3457 1587 3534 init.
1609 3457 1762 3552 grandes
1786 3481 1871 3529 cum

529 3570 626 3640 notia
643 3566 795 3663 margin.
814 3565 892 3642 foll.
914 3585 998 3648 cum
1016 3567 1081 3648 litt.
1097 3589 1189 3642 rom.
1210 3594 1269 3662 97.
1299 3583 1436 3642 etcum
1453 3567 1612 3648 arabicis.
1633 3594 1691 3648 ιι.
1721 3571 1782 3652 lin.
1805 3570 1870 3653 fol.

530 3687 678 3782 ultgr.
701 3701 737 3768 4.
821 3722 826 3736 ·

719 3920 830 3995 Πεπξβί
848 3884 1199 3998 Bneladraelrergelcbicllte
1215 3923 1336 4016 illicne,
1360 3943 1392 4000 p.
1413 3933 1461 3998 85.
1480 3943 1508 3984 o.
1527 3937 1572 3998 89.

627 4189 673 4240 aa
677 4192 710 4259 5.
726 4202 774 4220 -
786 4166 938 4238 Donati
961 4165 1224 4247 Grammatici,
1246 4167 1339 4257 five,
1358 4182 1398 4240 ut
1414 4169 1473 4241 alii
1492 4167 1642 4252 volunt,
1665 4166 1874 4268 'Laclantii

532 4297 746 4383 argumenta
765 4282 1058 4376 compendiaria,
1075 4289 1109 4354 in
1122 4285 1263 4356 fabular
1276 4288 1433 4379 potiores
1446 4281 1657 4358 Ovidianae
1673 4284 1875 4357 Metamor-

533 4399 678 4498 phofir,
709 4397 899 4490 diligenter
927 4412 967 4470 et
992 4399 1157 4499 colligate
1185 4400 1361 4496 imprell'a.
1380 4442 1430 4458 -
1462 4401 1577 4497 Sylva
1607 4405 1698 4475 item
1726 4405 1875 4475 Camilli

532 4517 708 4588 Paleotti
732 4509 987 4603 Bononienlie,
1017 4519 1072 4586 cui
1094 4519 1217 4590 titulus
1237 4517 1373 4601 Amor,
1399 4519 1489 4590 mire
1527 4541 1709 4606 amoena,
1735 4537 1772 4592 et
1795 4523 1872 4608 jam

532 4635 689 4734 primum
711 4631 744 4716 in
762 4629 881 4702 locem
910 4630 1023 4716 edita,
1040 4663 1086 4690 -ι
1111 4632 1209 4708 Dein
1226 4631 1400 4708 dilliclton
1418 4633 1466 4708 ad
1484 4636 1660 4710 lectorem
1678 4669 1718 4692 -
1850 4730 1855 4739 .
