4622 5860
576 769 622 836 26
777 771 1071 844 stortournrnn
1096 775 1262 850 courrn.
1287 773 1427 828 munos
1453 773 1552 829 annu
1578 777 1703 838 nori.

573 941 751 1016 secundae
771 948 883 1040 partit
900 941 1086 1016 historialis
1108 941 1245 1014 domini
1265 945 1452 1015 Antonini
1470 958 1538 1016 etc.
1567 943 1632 1014 fol.
1656 967 1710 1016 ιο.
1725 983 1772 1004 -
1788 945 1918 1020 Tabui

573 1061 611 1132 la
624 1062 811 1134 titulorum
830 1061 893 1134 fol.
915 1084 951 1140 α.
982 1061 1178 1154 capitulum
1196 1062 1353 1153 primum
1367 1059 1414 1131 de
1435 1060 1675 1166 Corssontino
1693 1063 1839 1160 Magno
1857 1087 1911 1134 ur·

559 1179 742 1274 ,quepoll
759 1194 915 1250 mortem
942 1175 1106 1249 Conrodi
1134 1179 1248 1248 tertii.
1264 1175 1328 1250 iol.
1374 1179 1620 1270 241.lin.65.
1649 1181 1727 1252 finit
1762 1179 1913 1252 feliciter

559 1295 725 1390 secundo
744 1321 834 1391 pars
859 1277 1071 1392 hssoriolio.
1090 1331 1139 1347 -
1163 1292 1275 1364 Tum.
1299 1291 1364 1366 Ill.
1391 1293 1501 1366 habet
1517 1299 1566 1366 *in
1595 1293 1739 1370 fronte:
1764 1301 1913 1371 tertium

570 1409 660 1482 illud
679 1412 852 1484 volumen
875 1413 987 1506 partia
1005 1407 1196 1506 historialis
1218 1413 1379 1482 continet
1398 1413 1590 1483 materiam
1618 1411 1666 1483 de
1689 1412 1911 1508 quibusdam

573 1529 779 1612 doctoribus
799 1547 835 1602 et
852 1530 948 1601 libria
965 1549 1094 1599 eorum
1108 1544 1144 1599 et
1163 1525 1647 1603 sententiisnotabilioribu'r.
1672 1524 1818 1601 Exinde
1829 1552 1913 1601 con·

569 1647 729 1717 tinuatur
747 1643 889 1716 historia
908 1643 954 1716 ab
972 1647 1195 1716 Innocentio
1221 1647 1348 1733 tertio,
1374 1647 1435 1740 qui
1456 1643 1524 1716 fuit
1537 1644 1629 1714 circa
1642 1667 1777 1718 annum
1789 1645 1914 1722 domt-

571 1745 609 1831 ni
622 1761 833 1833 milesimum
847 1761 1124 1834 ducentefimum
1139 1759 1333 1855 septimum
1350 1782 1464 1857 utque
1481 1759 1527 1831 ad
1540 1759 1693 1856 preient.
1719 1761 1757 1836 S.
1775 1783 1914 1835 annum

568 1879 801 1952 milleimum
825 1877 1215 1975 quadringentesimum
1234 1889 1270 1945 ct
1287 1893 1478 1967 octavum,
1503 1876 1715 1950 demumde
1728 1873 1915 1952 ordinibus

568 1995 856 2066 mendicantium
885 1993 1012 2066 sanctio
1039 2016 1166 2068 eorum
1194 2015 1236 2064 ac
1269 1997 1382 2092 gestio.
1426 1996 1670 2070 summarium
1699 1995 1784 2068 toll·
1809 2021 1847 2084 9.
1866 2031 1915 2049 -

567 2111 691 2184 tabula
707 2111 905 2184 titulorum.
932 2138 963 2184 ι.
983 2149 1032 2168 -
1063 2113 1186 2183 titulus
1204 2112 1251 2185 de
1278 2113 1507 2208 religiofirct
1532 2132 1659 2183 eorum
1683 2109 1822 2204 scriptia
1842 2124 1915 2184 etc.

566 2227 631 2299 fol.
662 2253 743 2295 ι-
757 2234 840 2318 ¹56.
859 2225 929 2298 hoc
956 2224 1022 2298 rol.
1051 2227 1111 2300 lin.
1133 2223 1192 2310 6o.
1217 2229 1294 2326 poll
1312 2231 1500 2324 epigrama
1520 2223 1662 2297 domini
1686 2227 1849 2296 Antonii
1865 2246 1914 2283 -·

527 2335 530 2340 ’
566 2342 769 2438 perlectum
792 2357 902 2439 atque
928 2344 1068 2416 linitum
1091 2341 1140 2414 eli
1165 2369 1259 2442 opus
1279 2341 1610 2418 excellentillimum
1628 2343 1736 2411 trium
1752 2341 1913 2436 partium

566 2458 800 2534 historialium
825 2458 886 2534 seu
904 2464 1070 2536 cronicae
1090 2459 1425 2538 dominiAntonini
1443 2454 1707 2554 archiepiscopi
1728 2455 1913 2530 florentini

566 2598 649 2646 cum
669 2575 739 2646 suis
760 2581 925 2677 regillria.
963 2579 1003 2650 In
1032 2579 1286 2674 Nurembergo
1305 2576 1582 2648 nominatissima
1599 2575 1749 2646 civitate
1764 2595 1910 2668 germa-

567 2693 660 2764 nice.
687 2695 798 2763 Anno
814 2695 1018 2764 incarnatae
1035 2695 1181 2766 deitatis
1194 2691 1581 2768 mcccclxxxltlt.
1600 2690 1659 2762 die'
1675 2690 1807 2764 ultimo
1826 2687 1912 2762 Julii

564 2827 631 2898 per
659 2808 866 2877 Antonium
893 2808 1086 2903 Kobrrger
1105 2805 1615 2904 civem'Nurembergenl'em.
1668 2807 1730 2878 Ad
1761 2805 1911 2877 laudem

438 2954 443 2962 ·
565 2919 695 2989 summi
705 2921 847 3018 opificia
855 2923 1170 3022 gloriofillimeque
1180 2924 1321 3020 semper
1331 2923 1644 3021 virginisMrrioe
1662 2923 1785 3021 gerule
1800 2920 1911 2994 Hiesu

566 3033 702 3114 Christi.
728 3037 814 3110 Deo
830 3043 975 3136 gratias.
1004 3039 1173 3138 Sequitur
1190 3042 1307 3132 adhuc
1327 3043 1507 3140 registrum
1521 3061 1557 3124 4.
1574 3041 1653 3116 foll.
1681 3041 1798 3120 Char·
1805 3035 1909 3136 goth.

564 3175 644 3226 cum
665 3156 782 3256 epigr.
803 3157 874 3228 fine
899 3157 982 3256 fign.
1010 3159 1089 3232 cult.
1117 3161 1184 3254 col,
1200 3183 1235 3238 a.
1254 3163 1315 3234 lin.
1339 3167 1396 3252 ⁶9·
1415 3159 1441 3235 f.
1468 3174 1563 3234 max.

755 3397 879 3450 Ponceri
895 3403 1014 3456 annales
1033 3415 1145 3476 typogn
1166 3408 1204 3467 Τ.
1229 3427 1257 3469 ι.
1283 3427 1316 3478 p.
1342 3425 1420 3478 197.
1438 3426 1467 3468 n.
1495 3425 1573 3478 139.
1594 3407 1689 3467 Mffli·
1705 3422 1738 3478 Ρ·
1758 3416 1838 3476 454·

662 3634 722 3704 44.
747 3658 797 3673 -
821 3619 978 3692 Stotuto
987 3621 1192 3717 spnodatia
1217 3638 1254 3694 et
1269 3625 1516 3717 provincialia
1539 3617 1767 3692 Eullettcniir
1789 3622 1908 3693 dioce-

561 3733 697 3824 fisjultu
722 3734 912 3809 Wildelmi
934 3737 1094 3832 episcopi
1107 3737 1280 3833 imprella.
1291 3739 1357 3817 fol.
1378 3766 1408 3808 ι.
1428 3762 1460 3810 a.
1485 3739 1669 3831 praecedit
1700 3740 1908 3808 Wiihelmi·

560 3858 602 3924 ni
619 3851 781 3948 episcopi
791 3851 961 3946 epistola,
985 3875 1079 3946 quae
1095 3853 1239 3949 incipite
1267 3854 1465 3954 Deigrntia
1481 3853 1906 3948 Wlireinrnsepiscopur

562 3972 768 4070 Effietten.
789 3969 887 4042 fideli
903 3967 1019 4042 nollro
1037 3968 1169 4042 dilecto
1189 3971 1355 4067 magistro
1367 3968 1510 4042 Mathie
1535 3970 1708 4042 Woloker
1727 3971 1773 4043 de
1785 3971 1905 4050 Rente

479 4119 482 4126 v
558 4091 694 4182 lingon.
723 4087 899 4159 Salutem.
925 4083 1139 4161 Statuor'urn
1159 4088 1356 4165 nostrorum
1383 4087 1611 4183 synodalium
1635 4110 1676 4159 ac
1697 4091 1903 4182 provincia-

559 4203 648 4272 lium
659 4204 860 4288 volumina,
874 4220 947 4294 que
965 4201 1265 4276 anobioiummis
1281 4205 1443 4300 precibus
1459 4207 1572 4296 petire
1594 4201 1672 4294 ipsa
1692 4205 1813 4299 itaque
1832 4227 1903 4300 ope

560 4329 636 4387 tata
653 4319 790 4409 accipe.
816 4331 851 4412 et
872 4329 1022 4409 accepta
1041 4315 1166 4415 sedulo
1192 4320 1340 4396 cullodi.
1367 4341 1506 4411 cunque
1526 4319 1671 4414 illorum
1690 4341 1802 4412 opera
1819 4317 1900 4395 usur

558 4431 689 4518 fueris,
714 4430 820 4502 nobie
839 4429 992 4504 fideliter
1008 4435 1189 4507 remittere
1203 4456 1314 4508 curer.
1339 4434 1427 4504 date
1440 4437 1475 4502 in
1494 4432 1602 4505 castro
1618 4428 1739 4508 nostro
1764 4437 1898 4512 montio

565 4547 675 4624 sancti
702 4548 915 4622 Wltiinldi
928 4547 999 4624 ldie
1029 4549 1200 4650 vigelima
1235 4551 1363 4628 mentis
1389 4549 1518 4626 Marcii
1546 4569 1641 4624 anno
1659 4569 1682 4620 c
1703 4550 1895 4630 nativitate
