4622 5860
807 651 989 708 tustanus
1016 652 1242 708 MCCCCLXIX
1269 683 1315 696 --
1343 655 1415 715 MD.
1546 609 1553 622 ·
1757 669 1779 736 7

535 845 569 910 7.
595 857 643 872 -
659 820 826 893 Joannis
844 825 967 912 Dans,
988 821 1096 895 Sooti
1116 826 1150 895 in
1174 837 1342 922 quartum
1369 820 1497 894 librum
1524 823 1778 898 sententiarum

439 961 534 1036 opus
550 940 775 1036 anglicanum
803 939 866 1010 iol.
890 967 920 1013 r.
946 963 980 1014 a.
1005 941 1122 1014 rubro·
1138 942 1202 1019 iol.
1225 967 1260 1023 e.
1285 943 1474 1014 Iohannis
1503 942 1612 1014 Sonti
1627 940 1777 1016 subtilil-
1918 940 1923 948 '

437 1059 515 1130 fimi
538 1058 692 1129 doctoris
708 1056 869 1156 theologi
888 1058 925 1130 in
944 1075 1111 1156 quartum
1139 1059 1268 1132 librum
1293 1059 1568 1146 sententiarum,
1594 1081 1686 1154 opur
1711 1083 1770 1132 an·

432 1176 628 1274 gelicarum
646 1173 797 1246 line'fol.
811 1185 893 1255 286.
905 1177 965 1248 lin.
985 1195 1042 1258 28.
1059 1181 1250 1252 Iohannis
1262 1177 1370 1252 Scoti
1380 1173 1589 1249 subtitiffimi
1610 1176 1770 1258 doctoris

384 1339 386 1344 ,
436 1291 598 1389 theologi
611 1295 819 1386 inquartum
832 1293 1348 1392 librumsententinrum,opus
1369 1297 1597 1395 anglicanum
1618 1295 1771 1368 feliciter
1880 1387 1883 1394 ¹

432 1409 580 1503 explicit
597 1447 647 1466 -·
668 1405 791 1481 tabula
815 1410 860 1483 de
879 1411 1007 1486 ordine
1026 1413 1274 1510 quaestionum
1304 1413 1462 1508 sequitur
1485 1413 1561 1485 soll.
1588 1441 1623 1503 3.
1649 1451 1699 1470 ·-
1733 1431 1770 1486 ct
1856 1490 1861 1502 ,

431 1526 580 1596 demum
612 1525 680 1597 sol.
711 1552 747 1616 3.
767 1551 787 1598 a
816 1530 879 1600 lin.
902 1551 964 1603 αι.
990 1531 1137 1628 explicit
1158 1555 1325 1604 numerus
1354 1545 1389 1601 et
1411 1529 1500 1602 ordo
1522 1531 1770 1626 quaestionum

430 1640 532 1716 huius
553 1647 674 1740 operis
701 1669 796 1717 anno
818 1645 1166 1722 Mccccuxxlttt
1182 1647 1288 1722 Char.
1306 1644 1422 1721 Goth.
1440 1646 1651 1740 (secundum
1669 1649 1768 1720 Pan-

427 1789 547 1837 zerum
562 1763 724 1834 Antonii
742 1762 1327 1864 Kobergeri)s1nes1gn.culleol.
1348 1789 1379 1839 2.
1401 1766 1464 1841 lol.
1486 1780 1567 1849 228.
1592 1766 1653 1850 lin.
1665 1765 1762 1856 51.s.

476 1987 480 1994 ⁵
615 2015 736 2066 Pnnzeri
754 2010 879 2068 Annales
896 2014 1022 2089 Typogr,
1044 2013 1085 2074 T.
1112 2029 1193 2086 esp.
1220 2031 1296 2082 ¹7¹·
1320 2030 1349 2077 u,
1378 2023 1431 2082 ¹8.
1571 1996 1575 2004 ¹

521 2241 556 2315 8.
580 2269 630 2290 --
654 2234 789 2308 Alvari
804 2237 963 2330 Pelagii,
982 2237 1060 2307 ord.
1088 2241 1175 2312 min.
1195 2240 1241 2312 rle
1261 2242 1407 2335 planctu
1429 2236 1595 2309 ecclcsiae
1614 2236 1693 2309 libri
1714 2238 1762 2313 ll.

417 2353 635 2447 principium
673 2355 794 2448 operis
823 2355 982 2422 continet
1011 2351 1270 2446 prohemium:
1303 2355 1394 2428 haec
1416 2356 1451 2425 in
1478 2355 1608 2428 fronte.
1636 2356 1702 2434 fol.
1729 2382 1759 2429 r.

417 2472 541 2565 incipit
560 2471 743 2568 regillrum
776 2470 1006 2540 materiarum
1030 2485 1066 2541 et
1089 2470 1165 2542 linit
1187 2472 1251 2544 sol.
1277 2497 1312 2562 7.
1345 2472 1381 2545 b.
1403 2474 1469 2545 lin.
1488 2493 1550 2560 πη.
1576 2471 1662 2542 Deo
1679 2496 1761 2567 gra·

417 2590 484 2658 tiae
502 2629 551 2644 -
569 2605 605 2660 et
630 2587 714 2660 dein
742 2589 776 2658 in
808 2590 956 2656 nomine
982 2585 1121 2658 domini
1147 2589 1271 2683 incipit
1297 2589 1510 2684 compilatio
1528 2586 1685 2658 solennis
1706 2588 1754 2661 de

414 2707 562 2802 planctu
582 2706 749 2776 ecclesiae
767 2705 918 2802 religiofi
935 2704 1052 2776 fratris
1069 2706 1203 2776 Alvori
1214 2705 1362 2802 Pelagii
1378 2720 1441 2776 etc.
1459 2703 1520 2774 iol.
1543 2721 1577 2784 8.
1597 2707 1632 2774 in
1654 2708 1758 2800 prin·-

413 2826 509 2919 cipio
529 2823 640 2920 ligura
661 2821 817 2895 sedentis
835 2820 1002 2893 monachi
1028 2843 1112 2894 cum
1132 2821 1361 2918 inscriptione
1378 2822 1478 2920 ligno
1499 2820 1628 2893 incisor
1646 2824 1753 2896 eccle·
1792 2873 1808 2892 .

412 2939 678 3012 llaemilitantis
688 2941 885 3036 planctum.
898 2975 945 2990 -
956 2937 1054 3010 Vide
1067 2940 1102 3008 in
1114 2936 1207 3010 libro
1222 2939 1408 3036 planctum
1421 2937 1585 3010 eccleliae
1598 2963 1608 3006 r
1620 2979 1665 2995 --
1678 2939 1757 3011 finit

409 3057 499 3129 liber
519 3059 654 3152 primus
683 3071 747 3129 art.
774 3051 901 3127 LXX.
921 3056 982 3128 lin.
1002 3078 1038 3151 9.
1065 3052 1194 3127 Gratia
1227 3053 1368 3148 spiritur
1400 3053 1510 3125 sancti
1536 3055 1612 3126 linit
1633 3059 1751 3148 primo

411 3197 495 3268 pare
527 3173 631 3260 hujus
655 3173 775 3268 operis
808 3172 968 3244 feliciter.
987 3209 1036 3224 -
1060 3171 1189 3262 Incipit
1210 3173 1347 3260 primus
1373 3169 1540 3239 articulus
1573 3170 1750 3241 secundae

408 3291 521 3384 partie
543 3287 648 3356 huiue
664 3289 784 3379 operis
801 3285 1073 3378 soliolequenti
1100 3318 1149 3336 -
1166 3283 1315 3378 linitque
1341 3285 1489 3358 articulo
1514 3281 1753 3384 nonagefimo'

404 3408 509 3477 tertio
519 3401 584 3476 sol.
596 3403 690 3473 ult.a
703 3400 826 3494 lim55.
840 3403 928 3471 inter
938 3397 1087 3473 alic'bac
1098 3398 1666 3497 adnotationecompleviautem
1677 3400 1748 3476 hoc

403 3545 496 3617 opue
517 3520 576 3590 dei
600 3520 715 3615 gratia
738 3515 1132 3614 comitante-currente
1149 3541 1247 3590 anno
1263 3515 1415 3591 Domini
1429 3517 1745 3595 MCCCXXXII.
1883 3621 1885 3627 λ

269 3723 279 3737 ἱ
344 3663 347 3666 ·
403 3638 631 3736 pontificatur
655 3639 707 3709 tui
734 3658 831 3707 anno
857 3633 964 3715 XVl.
991 3638 1025 3707 in
1050 3635 1138 3708 lelio
1159 3635 1197 3709 S.
1213 3634 1354 3709 Mariae
1375 3640 1473 3710 nivis
1495 3637 1742 3714 in‘Auinlone

400 3756 461 3829 ubi
488 3773 572 3829 tunc
600 3777 683 3828 cum
713 3769 775 3826 tua
805 3757 901 3825 curia
927 3753 1116 3827 residebas.
1162 3753 1194 3825 F
1196 3755 1243 3831 ol.
1271 3757 1332 3830 ult·
1354 3755 1416 3830 lin.
1456 3779 1506 3827 to.
1526 3752 1738 3852 subscriptio

400 3872 641 3966 compilautlc.
668 3871 773 3966 Opus
791 3869 1039 3965 postsoriptum
1058 3895 1169 3944 manu
1189 3867 1338 3967 propria
1355 3896 1425 3944 una
1446 3877 1527 3944 vice
1544 3877 1679 3944 correxi
1697 3889 1736 3943 et
1801 3912 1805 3922 =

397 3989 585 4083 apollilavi
607 4009 704 4056 anno
713 3987 866 4055 Domini
884 3983 1152 4058 MCCCXXV.
1173 3983 1424 4080 inAlgarbiae
1438 3985 1648 4082 Portugalla
1665 4003 1734 4064 etc.
1862 4017 1871 4032 ·

397 4104 480 4179 Lin.
497 4103 647 4174 demum
668 4114 720 4186 18.
742 4099 893 4172 Summa
912 4095 1165 4172 notabilillima
1182 4099 1293 4173 valde
1310 4099 1477 4172 omnibus
1490 4087 1735 4198 spiritualibus
1849 4175 1866 4194 ,

397 4237 435 4295 et
451 4217 666 4298 secularibus
686 4220 847 4316 prolicua
868 4217 914 4290 de
933 4215 1076 4291 sanctae
1097 4215 1263 4290 ecclesiae
1285 4215 1472 4291 katholice
1489 4221 1633 4316 planctu
1653 4224 1734 4296 inti·

393 4341 506 4416 tulata
530 4361 622 4411 -a
647 4338 843 4410 venerabili
872 4351 910 4409 et
946 4337 1114 4434 religioso
1133 4337 1204 4410 Fr.
1223 4339 1364 4410 Alvaro
1386 4339 1539 4436 Pelagii
1560 4337 1731 4438 (Hispani

330 4481 331 4484 ’
394 4461 557 4550 natione)
572 4457 657 4547 iuris
677 4456 841 4530 canonici
859 4455 1015 4529 doctoris
1039 4464 1188 4555 egregio
1208 4472 1276 4532 ete
1297 4477 1364 4528 nec
1384 4453 1527 4530 summo
1543 4480 1613 4554 pro
1645 4474 1731 4534 tunc
