4630 5864
787 811 985 868 nnnnuo
1008 792 1246 877 trcccctxtx.
1267 838 1317 861 -
1333 812 1407 878 no.
1476 887 1480 895 ¹
1724 834 1771 900 93

425 983 578 1059 materia
600 979 647 1052 de
669 978 834 1076 quolibet
855 973 1040 1054 sanetoex
1057 986 1191 1080 figura,
1216 999 1365 1070 natura,
1388 997 1424 1053 et
1435 983 1605 1078 exemplo
1623 983 1765 1082 elegan-

425 1101 553 1174 tiffima
571 1097 762 1194 probatur,
787 1102 970 1194 incipit-
990 1101 1143 1171 Haecin
1162 1101 1282 1172 fronte
1295 1097 1359 1173 fol.
1380 1127 1410 1199 ι.
1422 1137 1472 1152 -
1489 1102 1524 1172 in
1538 1101 1608 1173 fine
1626 1101 1694 1175 fol.
1708 1127 1766 1182 tt.
1854 1175 1858 1182 ,

425 1221 491 1297 lin.
509 1243 568 1306 35.
585 1219 797 1312 exemplum
818 1218 1065 1316 prime'figure
1082 1217 1119 1287 in
1150 1233 1276 1289 natura
1291 1216 1383 1309 pulli
1410 1219 1506 1289 enim
1532 1217 1668 1316 galline
1700 1221 1767 1292 alie

400 1388 405 1396 .
425 1336 554 1410 matris
577 1332 756 1428 fugientee
774 1333 863 1404 fiunt
882 1335 1016 1428 praeda
1036 1354 1184 1425 rapace·
1201 1333 1362 1413 'avibuet
1386 1334 1431 1404 fic
1451 1333 1632 1431 lugientee
1654 1337 1769 1408 eccle·

421 1451 509 1523 fiam
529 1445 801 1539 etparoclniam
822 1449 924 1536 *suam
955 1474 977 1518 a
1004 1451 1224 1528 demonibus
1249 1451 1438 1540 capiuntur
1453 1489 1502 1503 -
1528 1451 1569 1519 lit
1588 1449 1665 1521 laun
1685 1450 1768 1526 deo.

425 1565 530 1640 Char.
550 1562 650 1661 goth.
667 1565 739 1635 fine
757 1565 843 1662 fign.
863 1579 901 1634 et
917 1561 1071 1637 callode.
1088 1563 1168 1638 foll.
1193 1585 1249 1646 tt,
1264 1587 1338 1640 non
1357 1563 1441 1662 fign.
1461 1567 1532 1648 col.
1547 1565 1649 1648 alin.
1666 1585 1727 1655 42.
1739 1565 1769 1640 f.

594 1859 597 1869 ¹
618 1743 699 1872 Opus
714 1795 815 1854 nullibi
833 1793 1002 1853 recenlitunr.

524 2045 605 2128 ¹⁶7·
627 2079 676 2100 -
699 2041 897 2112 Hourelr'ae
925 2037 971 2112 de
996 2038 1125 2111 sanctie
1151 2061 1308 2134 qnorum
1341 2040 1469 2113 natalie
1499 2039 1559 2114 seu
1588 2042 1769 2117 memoria

347 2163 352 2170 '
425 2154 602 2228 celebrior
626 2159 819 2247 quotannis
844 2159 979 2247 agitur,
1009 2181 1054 2225 ert
1084 2155 1231 2226 divetfie
1261 2155 1632 2253 praestentissimisque
1654 2161 1769 2230 eccle-

422 2274 493 2344 fiee
511 2269 719 2340 doctoribus
740 2272 774 2336 in
794 2267 889 2338 bunc
908 2269 1073 2340 ordinem
1097 2271 1269 2340 collectae
1290 2296 1353 2364 per
1374 2275 1597 2343 Alchuinum
1616 2273 1771 2346 levitam

384 2480 388 2486 Ι
421 2388 584 2487 pluribus
613 2389 767 2456 nuncin
797 2386 886 2456 locis
914 2381 1094 2454 restitutae
1117 2406 1162 2455 ae
1197 2387 1415 2480 recognitae.
1450 2387 1617 2458 Haecin
1646 2388 1768 2464 fronto

421 2506 576 2603 portalis
599 2503 782 2600 ‚splendidi
809 2504 909 2598 ligno
942 2503 1033 2572 incifi
1060 2524 1141 2573 cum
1167 2500 1284 2572 limbo
1310 2519 1346 2572 et
1374 2503 1495 2598 liguria
1521 2507 1657 2592 ornati,
1693 2528 1768 2601 quo
1915 2522 1918 2532 '

422 2626 515 2696 infra
535 2623 674 2715 effigiet
697 2619 894 2713 Cleopatre
923 2622 958 2689 in
980 2637 1072 2690 terra
1093 2621 1245 2706 jacentis
1264 2617 1420 2698 videtur.
1449 2621 1517 2700 iol.
1546 2644 1580 2693 ι.
1599 2621 1635 2692 b.
1659 2623 1769 2694 index

413 2739 670 2812 homeliarum
693 2773 736 2793 ·-·
755 2737 819 2808 iol.
833 2759 865 2812 a.
886 2739 936 2806 Α.
954 2731 1107 2806 homilie
1118 2749 1155 2803 et
1174 2732 1358 2814 sermones
1372 2737 1417 2806 de
1433 2737 1565 2836 sanctis
1582 2741 1770 2811 -finiunt

421 2858 503 2927 foll.
522 2875 569 2938 74
598 2857 662 2930 lin.
679 2861 743 2921 td.
766 2853 914 2946 vigilate
938 2854 1080 2946 itaque,
1095 2854 1192 2944 ,quia
1210 2849 1348 2922 nescitis
1366 2851 1463 2924 diem
1484 2877 1604 2952 neque
1625 2853 1768 2936 horam,

423 2971 484 3044 Tu
505 2987 628 3040 autem
647 2967 808 3038 domine.
832 2969 922 3038 bnis.
943 3005 992 3018 -
1014 2967 1123 3033 index
1147 2968 1396 3036 terminorum.
1427 2969 1533 3042 Char.
1567 2969 1671 3066 goth.
1702 2970 1769 3040 mi·

415 3086 530 3196 pust..
547 3081 628 3158 c'um
649 3083 735 3180 lign.
759 3083 872 3178 epigr.
895 3080 1165 3180 notiemargini
1183 3076 1266 3152 foll.
1286 3101 1347 3170 74.
1369 3082 1432 3155 lin.
1456 3093 1516 3172 67.
1540 3087 1609 3156 col.
1639 3083 1719 3157 ns.

615 3314 712 3382 Editio
732 3311 832 3370 nullibi
848 3310 991 3375 reconcilia,
1009 3307 1191 3366 retidmilitet
1206 3309 1371 3378 Quenteliir
1387 3313 1614 3390 fceeteroquin
1625 3311 1769 3372 tarilliure.

526 3555 607 3635 168.
618 3551 835 3627 -Jonnnis
849 3553 1186 3624 deTurrecrenratu
1203 3549 1415 3645 explanatio
1425 3549 1600 3628 Psaltetii.
1613 3552 1678 3628 fol.
1694 3575 1770 3627 ω.

335 3733 338 3741 .
425 3673 675 3750 sanctillimum
697 3687 734 3742 et
760 3669 1203 3751 beatillimumdominum
1227 3671 1417 3742 dominum
1443 3671 1553 3742 Pium
1575 3665 1770 3742 secundum

409 3789 641 3894 pontificem
656 3791 856 3861 maximum
869 3789 983 3861 editio
1002 3791 1037 3858 in
1054 3787 1182 3859 librum
1195 3784 1414 3881 psalmorum
1426 3810 1536 3882 quem
1556 3789 1616 3859 alii
1634 3785 1699 3856 soli
1712 3786 1769 3858 lo·
1807 3793 1811 3802 ’

409 3917 549 4010 onium
567 3913 690 3982 dicunt
706 3912 833 4004 incipit
849 3905 1003 3977 feliciter
1016 3907 1218 3977 adolanae
1228 3906 1274 3975 de
1286 3891 1570 3974 Turreeremota
1590 3900 1767 3972 sabinenli

425 4028 599 4120 episeopo
619 4045 662 4092 ae
676 4021 797 4090 sancte
814 4039 967 4100 amane
986 4016 1321 4106 ecclelia-cardinali
1346 4015 1453 4084 sancti
1477 4015 1585 4084 Sinti
1609 4015 1768 4108 uulgati-

321 4218 325 4230 .
411 4159 481 4214 ter
506 4147 713 4226 nuncupato
747 4131 857 4215 edita.
876 4163 926 4184 --
943 4126 1049 4198 sanct.
1080 4132 1263 4222 patriett.
1292 4165 1339 4182 -
1364 4132 1399 4198 in
1419 4127 1500 4196 ·fine
1525 4129 1688 4202 Ioannis
1718 4129 1766 4202 de

430 4261 716 4331 Turrecremutu
744 4246 933 4318 cardinalis
964 4281 1012 4297 -
1042 4248 1250 4338 explanatio
1283 4247 1318 4314 in
1353 4244 1556 4340 psalterium
1592 4245 1671 4318 finit
1699 4269 1767 4341 pet
1899 4265 1902 4272 “

424 4376 606 4449 Joannern
630 4367 819 4463 Scirussler
837 4371 955 4436 civem
975 4363 1106 4460 auguli,
1129 4361 1302 4454 impreffa.
1324 4361 1430 4442 Char.
1455 4361 1674 4463 semi-goth.
1696 4363 1768 4438 llne
1860 4436 1863 4446 Κ

287 4549 290 4554 -
424 4493 510 4591 ligo.
533 4490 615 4564 cult.
635 4487 714 4562 loll.
737 4507 810 4558 uon
826 4505 925 4568 num,
948 4501 1025 4578 134.
1049 4486 1109 4556 lin.
1125 4504 1187 4576 35,
1205 4479 1232 4558 f.
