4630 5864
798 783 987 854 susurro
1014 797 1242 857 rrccccrxrx
1265 819 1315 842 -
1334 797 1415 867 uu.
1460 775 1462 783 ’
1729 805 1777 891 85
1863 775 1865 778 ⁵

357 1023 358 1028 ,
430 949 508 1042 tom
529 979 636 1040 vetut
656 964 703 1039 dc
717 947 1082 1040 recommendatione
1107 968 1203 1040 sucre
1228 969 1420 1067 scripturae
1447 971 1484 1044 in
1506 973 1668 1074 generali
1686 975 1773 1048 insi·

429 1089 566 1184 pitt-
581 1067 813 1184 seqnituriol.
839 1095 869 1158 ι’.
884 1086 918 1157 b.
935 1079 1115 1180 Prolog'ui
1136 1085 1309 1160 sccundus
1329 1089 1375 1160 dc
1403 1090 1607 1162 intentione
1632 1093 1770 1166 sutoris

429 1227 467 1280 ct
487 1213 602 1277 molo
621 1189 840 1298 procedendi
872 1241 918 1258 ·-
938 1201 1002 1275 iol.
1030 1226 1067 1274 n.-
1086 1202 1120 1276 b.
1141 1206 1318 1298 expolitio
1340 1208 1376 1277 in
1394 1205 1563 1302 epistolas
1586 1223 1624 1280 ct
1643 1208 1769 1303 prolo·
1811 1242 1815 1250 =

427 1347 515 1424 gum
537 1305 878 1405 Pentntlrcucicum,
895 1320 1018 1392 verius
1034 1321 1436 1404 introductoriic-iol.
1456 1335 1513 1412 ¹3·
1538 1323 1770 1419 incipitliber

429 1439 649 1514 Genesin-
678 1441 713 1508 in
743 1439 814 1510 linc
838 1438 902 1510 iol.
929 1460 1015 1528 335.
1042 1437 1203 1531 exsplicit
1229 1437 1404 1511 secundus
1430 1437 1523 1512 liber
1548 1463 1701 1536 regnum
1721 1479 1772 1498 -

428 1555 618 1632 Volumen
643 1553 688 1626 ll.
707 1553 773 1626 iol.
795 1578 828 1627 r.
845 1557 969 1649 incipit
986 1551 1131 1630 Postilla
1143 1555 1245 1651 supra
1261 1559 1409 1626 tercium
1421 1552 1558 1628 librum
1574 1580 1772 1656 regum.-

426 1673 504 1748 finit
525 1673 590 1746 iol.
608 1689 694 1765 430.
725 1673 788 1753 lin,
821 1678 867 1741 πό
910 1671 968 1742 ad.
993 1693 1102 1766 quam
1121 1673 1269 1744 laudem
1300 1695 1368 1744 nos
1386 1673 1581 1767 perducat,
1604 1677 1665 1769 qui
1685 1695 1770 1746 cum

425 1806 529 1888 patre
550 1806 586 1870 ct
605 1787 727 1884 spiritu
746 1787 868 1861 sancto
881 1789 973 1857 vivit
985 1803 1022 1860 ct
1035 1804 1162 1885 regnat
1178 1792 1215 1862 in
1231 1788 1350 1861 lccula
1368 1786 1569 1861 seculorum
1586 1791 1770 1862 Amen-

274 1905 278 1915 '
425 1903 583 1979 Volum.
608 1905 669 1979 lll.
700 1908 825 1999 incipit
847 1903 1023 2000 cxpofitio
1045 1906 1188 2002 prologi
1216 1909 1251 1978 in
1275 1904 1475 2002 proverbia
1492 1904 1771 1988 Salomonis,-

427 2023 478 2096 ud
501 2021 611 2093 finem
635 2022 696 2094 fol.
715 2045 800 2110 32⁰·
825 2022 887 2094 lin.
912 2033 969 2093 os.
993 2022 1140 2116 explicit
1156 2022 1296 2117 poliilla
1312 2022 1468 2097 Nicoiot'
1486 2023 1532 2093 dc
1547 2021 1648 2118 Lyra
1669 2020 1774 2118 super

429 2150 537 2207 votus
550 2135 798 2206 testamentum
808 2159 888 2205 cum
901 2137 1378 2236 cxpofitiooibusBritonir
1392 2143 1431 2217 ,in
1444 2139 1621 2232 prologos
1631 2138 1772 2211 Hiero.-
1864 2181 1869 2188 ·

425 2257 531 2348 nymr'
548 2271 583 2322 ct
602 2233 686 2323 cum
704 2250 948 2322 additionibus
966 2255 1079 2323 Pauli
1095 2253 1255 2352 episcopi
1275 2257 1474 2352 Bargcrfis
1491 2269 1529 2325 et
1547 2255 1772 2340 correctoriit

432 2373 631 2440 earundem
654 2367 878 2439 additionem
898 2367 1003 2438 editis
1023 2392 1046 2440 a
1070 2371 1230 2444 Mathia
1248 2375 1418 2466 Dorirrgc
1431 2365 1574 2440 'ordinis
1591 2371 1776 2444 minorum

429 2481 520 2562 Vol.
540 2481 610 2558 lv.
633 2484 697 2555 lol.
723 2511 750 2560 r.
772 2488 897 2580 incipit
916 2482 1060 2580 poliilla
1079 2485 1400 2583 lupchutltcum
1418 2487 1537 2558 fratris
1554 2487 1710 2560 Νἰσοὶαἰ
1728 2491 1773 2560 dc

425 2599 526 2696 Lyra
539 2600 672 2671 ordinis
682 2601 830 2677 instrum
844 2605 1036 2674 minorum.
1047 2607 1093 2674 ud
1106 2604 1214 2674 linem
1225 2603 1287 2674 fol.
1297 2618 1387 2696 318.
1398 2603 1544 2697 explicit
1554 2604 1692 2698 poliilla
1702 2603 1775 2676 Ni·

426 2720 526 2806 coloi
541 2719 585 2788 dc
608 2715 707 2812 Lyra
724 2719 857 2787 ordinis
877 2717 1007 2787 minor.
1029 2716 1292 2812 supernorum
1314 2718 1565 2791 testamentum
1578 2745 1659 2792 cum
1672 2720 1777 2800 addi·

425 2834 586 2906 tionibus
613 2834 727 2904 Pauli
750 2831 909 2927 episcopi
939 2825 1139 2932 Burgcrrsts
1166 2852 1205 2908 et
1225 2839 1375 2931 replicis¹
1394 2839 1575 2920 Mathioc
1600 2835 1777 2934 Doringk

427 2950 551 3018 eximii
573 2947 777 3041 prolcss‘oris
800 2950 919 3021 sacrae
941 2947 1175 3046 Theologisc
1197 2951 1339 3024 ministri
1366 2959 1577 3047 provinciae
1602 2951 1775 3024 saxoniae

427 3066 560 3142 ordinis
577 3069 756 3137 minoium
779 3064 908 3162 quibus
929 3065 1069 3158 poflilla
1088 3065 1206 3136 fratris
1226 3067 1382 3139 Nicolur'
1399 3071 1444 3139 dc
1465 3070 1565 3162 Lyra
1583 3067 1705 3138 valide
1722 3067 1770 3137 ab

426 3182 761 3279 impugnationibus
800 3182 940 3253 domini
972 3179 1158 3274 Burgenlis
1183 3180 1405 3262 defensatur,
1439 3180 1544 3261 Char,
1570 3179 1671 3278 goth.
1699 3181 1772 3255 line

346 3341 353 3347 -
426 3295 514 3390 [ign.
533 3297 612 3370 cuii.
634 3295 713 3367 loll.
732 3317 832 3364 num.
851 3307 887 3362 ct
902 3294 1016 3388 epigr.
1035 3293 1104 3362 cul.
1135 3313 1168 3362 s.
1183 3291 1247 3364 lin·
1267 3317 1325 3380 7¹.
1344 3293 1409 3366 fol.
1431 3297 1516 3382 msj.
1660 3327 1663 3333 ·

544 3589 549 3598 ¹
621 3521 779 3579 Secundum
799 3523 965 3583 Paucorum
989 3527 1020 3579 lu
1041 3524 1139 3586 suuni.
1159 3527 1372 3602 typum-'1210
1394 3544 1424 3603 p.
1443 3537 1508 3600 383,
1527 3545 1557 3600 u.
1575 3547 1620 3590 ro.
1636 3529 1772 3611 testans·

718 3615 872 3691 improbus,
1389 3635 1393 3642 ·

517 3895 607 3969 1¹5¹·
623 3911 672 3928 -
696 3875 759 3948 Dc
776 3873 876 3971 lyra
893 3872 1040 3974 gloli'ue.
1051 3877 1303 3952 testamentum
1319 3899 1471 3954 novum.
1485 3880 1609 3974 incipit
1620 3876 1772 3970 epillols

429 3989 549 4088 Beati
577 3988 799 4084 Hieronymi
824 3993 869 4059 ad
890 3995 1091 4085 Domofirm
1119 4017 1255 4084 popam
1284 4000 1318 4062 in
1347 3990 1772 4085 quatuorcvnngclillut.
1895 4087 1896 4090 Ἴ

427 4101 530 4172 Haec
546 4105 580 4172 in
602 4103 722 4174 fronte
747 4139 788 4154 -
808 4100 874 4172 fot.
899 4125 930 4176 ι.
951 4103 1063 4177 inlras
1089 4103 1397 4206 incipitprologus
1416 4103 1767 4199 sanctiHieronymr'.

428 4251 477 4280 -.-
497 4217 574 4287 linit
595 4241 675 4290 cum
701 4217 906 4315 Apocaliplr
931 4215 1073 4292 CXXll.
1101 4221 1164 4300 lin,
1195 4239 1251 4313 ¹3·
1282 4221 1316 4290 in
1347 4235 1460 4295 textu.
1487 4218 1611 4292 Gratia
1629 4223 1770 4296 domini

427 4327 534 4407 noilri
563 4331 642 4406 Jciu
669 4333 793 4409 Christi
816 4361 896 4409 cum
922 4336 1092 4410 omnibus
1114 4337 1230 4417 vobis,
1267 4339 1398 4410 Amen.
1424 4335 1532 4412 Char.
1553 4336 1657 4439 goth.
1685 4361 1768 4412 cum
1851 4429 1853 4432 Ι

427 4449 512 4544 ign,
528 4455 643 4554 epigr.
662 4467 699 4530 ct
713 4454 792 4538 foti,
808 4477 881 4532 non
898 4457 984 4556 ligo.
1003 4457 1432 4550 287.lin.62.curunotit
1450 4459 1638 4554 marginal.
1652 4458 1772 4546 col.4«
1866 4529 1869 4536 .

428 4566 493 4658 tot.
518 4572 604 4662 maj.
1410 4602 1414 4616 ·
1534 4579 1537 4584 ⁴
