4622 5860
548 805 595 872 3⁰
761 789 900 844 sttc'rto
925 789 1051 846 PRIMA
1077 787 1405 850 counttsussttos
1432 788 1532 844 ANNI
1557 789 1670 847 nort

416 951 419 956 ’
553 962 676 1032 tonini
691 958 960 1057 parssecumta.
992 955 1206 1030 Praemium
1232 979 1315 1028 cum
1340 957 1464 1030 tabula
1482 960 1549 1040 fol.
1573 983 1606 1032 n.
1633 999 1681 1016 -
1702 959 1748 1032 acl
1773 961 1881 1034 linem
2004 991 2016 1012 ··
2054 957 2073 986 '

553 1079 645 1148 tomi
669 1075 811 1148 secundi
832 1078 895 1149 ult.
912 1076 978 1147 fol.
997 1097 1083 1164 3²2.
1102 1077 1165 1149 lin.
1181 1097 1242 1162 47.
1270 1074 1450 1170 opuslroc
1468 1076 1738 1148 celeberrimum
1761 1076 1884 1151 secun·

553 1197 622 1265 dae
640 1197 750 1288 partis
768 1192 866 1264 beati
887 1193 1074 1263 Antonini
1094 1233 1142 1246 -
1160 1193 1347 1264 moraliter
1370 1215 1484 1292 agens
1501 1196 1548 1266 de
1567 1196 1709 1291 fingulia
1726 1196 1825 1266 vitiis
1849 1199 1886 1266 in

551 1311 757 1408 particulari
777 1333 842 1406 per
870 1310 1020 1410 modum
1044 1309 1298 1403 predicationis
1326 1333 1367 1380 ac
1398 1311 1572 1383 doctrine.
1605 1311 1769 1383 Fratrum
1791 1335 1887 1383 anno

553 1429 644 1500 Chri
673 1433 689 1499 i
696 1428 793 1524 Jcsn.
821 1423 896 1497 MC
903 1424 1199 1498 CCCLXXXV.
1216 1425 1333 1521 pridie
1351 1425 1656 1500 nonacJanuariaa
1672 1429 1818 1521 explicit
1836 1429 1889 1498 ie·

554 1545 679 1616 liciter.
698 1580 744 1600 ·-
774 1545 905 1615 Tertio
919 1569 1009 1638 parc
1024 1547 1134 1616 corius
1154 1542 1295 1615 summe
1314 1544 1498 1614 Antonini
1516 1545 1713 1641 prologus,
1748 1539 1889 1638 absque

555 1662 701 1748 tabula,
728 1662 762 1730 in
788 1661 858 1732 line
879 1661 969 1732 tomi
995 1661 1111 1748 tertii,
1135 1661 1197 1728 lin.
1211 1683 1271 1752 37.
1294 1676 1374 1731 acta
1392 1659 1438 1731 eli
1459 1659 1641 1755 haecparc
1656 1659 1794 1732 summe
1822 1659 1889 1732 do·

555 1781 643 1848 mini
663 1779 849 1847 Antonini
861 1770 971 1848 ¹tertia
985 1774 1254 1848 laboriolillrme
1275 1772 1372 1870 haud
1390 1777 1538 1850 dubium
1555 1776 1677 1850 denuo
1696 1774 1811 1849 revisa
1829 1799 1892 1847 an·

554 1915 604 1962 no
634 1891 770 1963 nostrae
806 1888 927 1962 salutis
955 1891 1129 1962 milelimo
1159 1891 1504 1988 quadringentefimc
1524 1895 1743 1992 octogelimo
1763 1895 1891 1989 quinto

554 2008 739 2080 Kalendas
752 2005 944 2078 veroJunii
960 2007 1037 2082 Xll.
1048 2006 1190 2077 -dein
1200 2007 1592 2104 tabulageneralisfoll.
1611 2029 1754 2100 447.·-
1769 2011 1894 2105 Quor·

558 2137 600 2197 ta
615 2127 830 2220 porstotiur
849 2121 987 2194 summe
1005 2128 1212 2197 Antoninir
1238 2125 1361 2216 incipit
1389 2147 1473 2196 cum
1502 2111 1672 2219 proemio
1701 2142 1741 2197 et
1770 2126 1895 2196 tabula

558 2241 717 2338 generali
736 2277 781 2296 -
803 2243 839 2310 in
855 2242 926 2311 fine
943 2243 1033 2312 torni
1051 2245 1167 2337 quarti
1185 2241 1253 2312 fol.
1271 2242 1333 2315 ult.
1353 2265 1439 2329 37²·
1460 2242 1522 2312 li'n.
1552 2265 1613 2330 27.
1637 2241 1710 2314 hoc
1733 2242 1895 2334 praecla-

479 2357 482 2362 ’
558 2345 730 2430 rillimum
753 2379 844 2454 opus
863 2371 988 2455 quarte
1009 2358 1120 2454 partic
1136 2355 1278 2428 summe
1303 2358 1488 2428 Antonini
1506 2358 1674 2442 (tractans
1692 2357 1739 2428 de
1759 2361 1897 2429 virtute

560 2479 597 2547 in
615 2481 749 2574 genere
766 2490 875 2571 atque
891 2479 927 2546 in
942 2474 1060 2571 specie
1078 2474 1126 2546 de
1144 2476 1260 2572 gratia
1279 2471 1403 2542 divina
1424 2489 1463 2542 et
1490 2471 1592 2543 donn
1618 2472 1761 2567 spirituc
1788 2472 1897 2544 sancti

559 2593 772 2688 interpolitie
794 2590 1158 2664 innummerabilibus
1178 2589 1257 2658 aliis
1277 2586 1384 2658 valde
1404 2588 1551 2688 utilibus
1573 2594 1766 2686 praecipue
1785 2590 1830 2661 de
1847 2593 1898 2662 in·

559 2723 737 2779 temerata
759 2704 948 2777 christifera
967 2721 1003 2776 et
1020 2702 1173 2800 gloriola
1200 2704 1338 2799 virgine
1356 2702 1495 2793 Maria,
1529 2704 1574 2806 de
1600 2703 1820 2794 antichrillo,
1846 2707 1900 2776 in·
1994 2759 2001 2774 ,

557 2822 662 2894 terno
672 2876 684 2912 ,
708 2822 939 2918 purgatorio,
955 2819 1053 2890 finali
1067 2820 1200 2906 judicio
1219 2835 1287 2891 etc.
1312 2837 1351 2890 ut
1365 2822 1519 2914 triplices
1536 2825 1613 2910 ejus
1630 2820 1773 2892 tabulae
1787 2843 1899 2916 quam
2008 2809 2010 2813 ¹

558 2936 864 3018 clareoliendunt
888 2937 1024 3009 Actum
1049 2957 1148 3008 anno
1165 2935 1288 3010 salutis
1308 2933 1683 3010 MCCCCLXXXV·
1707 2937 1901 3009 undecimo

559 3053 743 3127 Kalendae
766 3051 887 3126 Martii
910 3054 997 3127 finit.
1026 3054 1193 3128 feliciter·
1228 3051 1335 3128 Char.
1354 3053 1458 3151 goth.
1484 3079 1568 3128 cum
1584 3057 1669 3155 figo.
1696 3057 1813 3155 epigr.
1829 3055 1900 3129 titt

561 3171 688 3270 quadr.
707 3173 784 3254 init.
804 3173 884 3253 soll.
902 3193 975 3244 non
993 3171 1077 3270 figo.
1093 3193 1181 3266 372,
1201 3155 1268 3250 col.
1293 3197 1327 3251 n.
1347 3172 1408 3249 lin.
1429 3179 1490 3262 5⁶·
1511 3172 1538 3248 f.

758 3411 879 3464 Panreri
894 3416 991 3477 annal.
1012 3426 1122 3489 typopr.
1142 3421 1180 3482 Τ,
1202 3431 1235 3484 4.
1255 3434 1289 3492 p,
1312 3423 1368 3489 ³⁶·
1389 3439 1422 3484 rr.
1447 3431 1529 3490 ³78³
1655 3421 1657 3428 ’

661 3657 723 3731 51.
748 3669 796 3690 -
821 3635 935 3708 Pauli
952 3633 997 3706 dc
1014 3632 1139 3732 castm
1165 3637 1329 3711 confiliat
1356 3638 1481 3734 incipit
1505 3635 1630 3710 tabula
1657 3635 1794 3734 duplex
1819 3660 1902 3711 ver·

567 3749 629 3826 bia
654 3755 770 3825 abhas
797 3765 833 3823 et
859 3745 986 3842 absens
1009 3749 1075 3822 iol·
1095 3769 1160 3845 32.
1204 3753 1387 3824 confilium
1411 3755 1570 3849 primum
1592 3753 1699 3842 l,33.
1732 3753 1770 3825 Si
1790 3754 1903 3827 abbat

567 3871 757 3943 confitetur
773 3903 821 3922 -
837 3868 925 3940 finit.
949 3867 1093 3937 confilio
1108 3880 1194 3965 398.
1217 3865 1284 3940 fol.
1301 3869 1507 3966 penultimo
1532 3868 1567 3941 b.
1590 3869 1651 3941 lin·
1666 3888 1730 3962 37.
1765 3869 1807 3940 Si
1823 3871 1904 3965 quir
2023 3855 2026 3860 ¹

566 3995 689 4061 'rerum
709 3987 872 4060 omniurn
885 3999 1027 4058 naturae
1040 3981 1283 4078 perspexerit,
1301 3983 1601 4080 unamquamque
1618 4007 1691 4057 non
1710 3989 1826 4059 minuc
1842 3984 1905 4057 iub

567 4106 716 4192 ordine,
751 4125 862 4198 quam
890 4098 1052 4194 partibus
1078 4081 1237 4172 conllare
1261 4099 1365 4172 facile
1387 4099 1568 4196 intelliget
1595 4113 1666 4170 etc.
1695 4101 1771 4172 fieri
1793 4103 1902 4174 etiam

506 4271 509 4278 -
569 4241 680 4290 unum
698 4219 956 4312 reintegratum
973 4197 1147 4288 volumen
1165 4216 1281 4309 (quod
1300 4217 1431 4287 merito
1452 4220 1691 4308 repertorium
1708 4219 1823 4288 Pautt
1835 4215 1907 4288 Ga·

556 4334 710 4432 ficerfis
736 4329 981 4424 appellamur)
996 4329 1043 4398 ad
1066 4325 1268 4440 faciliorem
1294 4329 1496 4401 doctrinam
1525 4330 1774 4424 repellendam
1807 4353 1907 4404 cura·

549 4439 553 4446 ’
574 4451 649 4536 vit,
674 4459 784 4540 atque
805 4443 971 4517 omnibut
996 4445 1075 4531 cius
1094 4443 1318 4540 proiessionic
1337 4441 1567 4540 imposterum
1586 4446 1905 4520 accommodatum

572 4579 698 4662 patcrc
710 4559 863 4639 iluduitc
887 4560 999 4659 idque
1013 4557 1321 4658 imprclloriaarte
1333 4561 1578 4658 Nurcmhcrge
1593 4561 1638 4635 de
1655 4562 1903 4648 menfeono·
1938 4571 1941 4578 '
